<?xml version="1.0" encoding="UTF-8"?>
<!DOCTYPE html PUBLIC "-//W3C//DTD XHTML 1.0 Transitional//EN"
    "http://www.w3.org/TR/xhtml1/DTD/xhtml1-transitional.dtd">
<html xmlns="http://www.w3.org/1999/xhtml" xml:lang="en" lang="en">
 <head>
  <title>
</title>
<meta http-equiv="Content-Type" content="text/html;charset=utf-8" />
  <meta name='ocr-system' content='tesseract 3.04.00' />
  <meta name='ocr-capabilities' content='ocr_page ocr_carea ocr_par ocr_line ocrx_word'/>
</head>
<body>
  <div class='ocr_page' id='page_1' title='image "./eclogaepoetarum00unkngoog_0138.png"; bbox 0 0 2384 3848; ppageno 0'>
   <div class='ocr_carea' id='block_1_1' title="bbox 432 184 1085 420">
    <p class='ocr_par' dir='ltr' id='par_1_1' title="bbox 432 184 1085 420">
     <span class='ocr_line' id='line_1_1' title="bbox 432 184 1085 249; baseline 0.009 -6"><span class='ocrx_word' id='word_1_1' title='bbox 432 187 724 243; x_wconf 63' lang='lat' dir='ltr'>vnrsnnarrnurs</span> <span class='ocrx_word' id='word_1_2' title='bbox 1021 184 1085 249; x_wconf 79' lang='grc'>121</span> 
     </span>
     <span class='ocr_line' id='line_1_2' title="bbox 463 330 692 420; baseline 0 -22"><span class='ocrx_word' id='word_1_3' title='bbox 463 335 514 399; x_wconf 83' lang='grc'>21.</span> <span class='ocrx_word' id='word_1_4' title='bbox 548 331 611 420; x_wconf 88' lang='grc' dir='ltr'>(ΙΧ</span> <span class='ocrx_word' id='word_1_5' title='bbox 636 330 692 417; x_wconf 87' lang='grc'><strong>11.)</strong></span> 
     </span>
    </p>
   </div>
   <div class='ocr_carea' id='block_1_2' title="bbox 345 434 810 507">
    <p class='ocr_par' dir='ltr' id='par_1_2' title="bbox 345 434 810 507">
     <span class='ocr_line' id='line_1_3' title="bbox 345 434 810 507; baseline 0 -17"><span class='ocrx_word' id='word_1_6' title='bbox 345 437 390 490; x_wconf 83' lang='lat' dir='ltr'>Ad</span> <span class='ocrx_word' id='word_1_7' title='bbox 408 437 627 507; x_wconf 79' lang='lat' dir='ltr'>vituperatorem</span> <span class='ocrx_word' id='word_1_8' title='bbox 644 434 810 506; x_wconf 89' lang='lat' dir='ltr'>temporum.</span> 
     </span>
    </p>
   </div>
   <div class='ocr_carea' id='block_1_3' title="bbox 89 525 1086 1407">
    <p class='ocr_par' dir='ltr' id='par_1_3' title="bbox 89 525 1086 1407">
     <span class='ocr_line' id='line_1_4' title="bbox 136 525 989 612; baseline 0 -20"><span class='ocrx_word' id='word_1_9' title='bbox 136 528 272 593; x_wconf 89' lang='lat' dir='ltr'>Dixerat</span> <span class='ocrx_word' id='word_1_10' title='bbox 295 526 326 592; x_wconf 81' lang='lat' dir='ltr'>‘o</span> <span class='ocrx_word' id='word_1_11' title='bbox 350 528 468 593; x_wconf 86' lang='lat' dir='ltr'>mores!</span> <span class='ocrx_word' id='word_1_12' title='bbox 492 549 511 593; x_wconf 95' lang='lat' dir='ltr'>o</span> <span class='ocrx_word' id='word_1_13' title='bbox 534 525 710 612; x_wconf 86' lang='lat' dir='ltr'>temporal&#39;</span> <span class='ocrx_word' id='word_1_14' title='bbox 747 527 872 592; x_wconf 82' lang='lat' dir='ltr'>Tullius</span> <span class='ocrx_word' id='word_1_15' title='bbox 896 527 989 611; x_wconf 89' lang='lat' dir='ltr'>olim,</span> 
     </span>
     <span class='ocr_line' id='line_1_5' title="bbox 184 614 935 702; baseline 0 -21"><span class='ocrx_word' id='word_1_16' title='bbox 184 615 384 702; x_wconf 83' lang='lat' dir='ltr'>Sacrilegum</span> <span class='ocrx_word' id='word_1_17' title='bbox 408 618 548 680; x_wconf 75' lang='lat' dir='ltr'><strong>strueret</strong></span> <span class='ocrx_word' id='word_1_18' title='bbox 570 638 643 680; x_wconf 88' lang='lat' dir='ltr'>cum</span> <span class='ocrx_word' id='word_1_19' title='bbox 666 614 806 682; x_wconf 77' lang='lat' dir='ltr'>Catilina</span> <span class='ocrx_word' id='word_1_20' title='bbox 828 615 935 702; x_wconf 89' lang='lat' dir='ltr'>nefas,</span> 
     </span>
     <span class='ocr_line' id='line_1_6' title="bbox 138 703 1026 790; baseline -0.003 -20"><span class='ocrx_word' id='word_1_21' title='bbox 138 703 221 770; x_wconf 79' lang='lat' dir='ltr'>(lum</span> <span class='ocrx_word' id='word_1_22' title='bbox 243 726 342 790; x_wconf 81' lang='lat' dir='ltr'>gener</span> <span class='ocrx_word' id='word_1_23' title='bbox 365 707 462 789; x_wconf 89' lang='lat' dir='ltr'>atque</span> <span class='ocrx_word' id='word_1_24' title='bbox 486 726 577 770; x_wconf 89' lang='lat' dir='ltr'>socer</span> <span class='ocrx_word' id='word_1_25' title='bbox 600 703 678 768; x_wconf 90' lang='lat' dir='ltr'>diris</span> <span class='ocrx_word' id='word_1_26' title='bbox 701 710 906 770; x_wconf 80' lang='lat' dir='ltr'>concurreret</span> <span class='ocrx_word' id='word_1_27' title='bbox 928 704 1026 769; x_wconf 90' lang='lat' dir='ltr'>armis</span> 
     </span>
     <span class='ocr_line' id='line_1_7' title="bbox 181 792 1083 878; baseline 0 -20"><span class='ocrx_word' id='word_1_28' title='bbox 181 793 372 878; x_wconf 81' lang='lat' dir='ltr'>Maestaque</span> <span class='ocrx_word' id='word_1_29' title='bbox 395 792 482 858; x_wconf 80' lang='lat' dir='ltr'>civili</span> <span class='ocrx_word' id='word_1_30' title='bbox 505 794 601 858; x_wconf 85' lang='lat' dir='ltr'>caede</span> <span class='ocrx_word' id='word_1_31' title='bbox 624 793 768 857; x_wconf 82' lang='lat' dir='ltr'>maderet</span> <span class='ocrx_word' id='word_1_32' title='bbox 789 793 916 858; x_wconf 89' lang='lat' dir='ltr'>humus.</span> <span class='ocrx_word' id='word_1_33' title='bbox 1078 864 1083 872; x_wconf 52' lang='grc'>,</span> 
     </span>
     <span class='ocr_line' id='line_1_8' title="bbox 106 877 1086 965; baseline -0.004 -18"><span class='ocrx_word' id='word_1_34' title='bbox 106 879 202 948; x_wconf 75' lang='grc'><strong>1011</strong></span> <span class='ocrx_word' id='word_1_35' title='bbox 224 903 310 946; x_wconf 90' lang='lat' dir='ltr'>nunc</span> <span class='ocrx_word' id='word_1_36' title='bbox 333 881 363 946; x_wconf 79' lang='lat' dir='ltr'>‘o</span> <span class='ocrx_word' id='word_1_37' title='bbox 383 880 519 947; x_wconf 87' lang='lat' dir='ltr'>moresl&#39;</span> <span class='ocrx_word' id='word_1_38' title='bbox 543 904 600 947; x_wconf 89' lang='lat' dir='ltr'>cur</span> <span class='ocrx_word' id='word_1_39' title='bbox 622 903 707 945; x_wconf 89' lang='lat' dir='ltr'>nuno</span> <span class='ocrx_word' id='word_1_40' title='bbox 729 880 760 946; x_wconf 75' lang='lat' dir='ltr'>‘o</span> <span class='ocrx_word' id='word_1_41' title='bbox 779 879 957 965; x_wconf 81' lang='lat' dir='ltr'>temporal&#39;</span> <span class='ocrx_word' id='word_1_42' title='bbox 982 877 1086 944; x_wconf 76' lang='lat' dir='ltr'>diois?</span> 
     </span>
     <span class='ocr_line' id='line_1_9' title="bbox 183 967 1027 1054; baseline -0.002 -19"><span class='ocrx_word' id='word_1_43' title='bbox 183 969 275 1046; x_wconf 82' lang='lat' dir='ltr'>Quod</span> <span class='ocrx_word' id='word_1_44' title='bbox 297 969 359 1034; x_wconf 89' lang='lat' dir='ltr'>tibi</span> <span class='ocrx_word' id='word_1_45' title='bbox 381 990 448 1034; x_wconf 91' lang='lat' dir='ltr'>non</span> <span class='ocrx_word' id='word_1_46' title='bbox 471 971 612 1053; x_wconf 86' lang='lat' dir='ltr'>placeat,</span> <span class='ocrx_word' id='word_1_47' title='bbox 636 967 832 1053; x_wconf 79' lang='grc'><strong>(1111111111,</strong></span> <span class='ocrx_word' id='word_1_48' title='bbox 856 969 932 1054; x_wconf 90' lang='lat' dir='ltr'>quid</span> <span class='ocrx_word' id='word_1_49' title='bbox 956 968 1027 1034; x_wconf 82' lang='lat' dir='ltr'>est?</span> 
     </span>
     <span class='ocr_line' id='line_1_10' title="bbox 138 1057 974 1143; baseline -0.001 -20"><span class='ocrx_word' id='word_1_50' title='bbox 138 1057 239 1123; x_wconf 86' lang='lat' dir='ltr'>Nulla</span> <span class='ocrx_word' id='word_1_51' title='bbox 261 1059 377 1123; x_wconf 87' lang='lat' dir='ltr'>ducum</span> <span class='ocrx_word' id='word_1_52' title='bbox 399 1058 527 1143; x_wconf 85' lang='lat' dir='ltr'>feritas,</span> <span class='ocrx_word' id='word_1_53' title='bbox 549 1059 640 1123; x_wconf 91' lang='lat' dir='ltr'>nulla</span> <span class='ocrx_word' id='word_1_54' title='bbox 662 1061 712 1123; x_wconf 91' lang='lat' dir='ltr'>est</span> <span class='ocrx_word' id='word_1_55' title='bbox 734 1059 861 1124; x_wconf 88' lang='lat' dir='ltr'>insania</span> <span class='ocrx_word' id='word_1_56' title='bbox 883 1057 974 1142; x_wconf 87' lang='lat' dir='ltr'>ferri,</span> 
     </span>
     <span class='ocr_line' id='line_1_11' title="bbox 182 1146 778 1232; baseline 0 -21"><span class='ocrx_word' id='word_1_57' title='bbox 182 1147 265 1211; x_wconf 89' lang='lat' dir='ltr'>Pace</span> <span class='ocrx_word' id='word_1_58' title='bbox 287 1146 352 1210; x_wconf 88' lang='lat' dir='ltr'>frui</span> <span class='ocrx_word' id='word_1_59' title='bbox 375 1149 463 1212; x_wconf 86' lang='lat' dir='ltr'>certa</span> <span class='ocrx_word' id='word_1_60' title='bbox 485 1147 671 1232; x_wconf 89' lang='lat' dir='ltr'>laetitiaque</span> <span class='ocrx_word' id='word_1_61' title='bbox 694 1148 778 1212; x_wconf 87' lang='lat' dir='ltr'>licet.</span> 
     </span>
     <span class='ocr_line' id='line_1_12' title="bbox 136 1234 1085 1321; baseline -0.002 -21"><span class='ocrx_word' id='word_1_62' title='bbox 136 1234 214 1301; x_wconf 90' lang='lat' dir='ltr'>Non</span> <span class='ocrx_word' id='word_1_63' title='bbox 227 1236 332 1300; x_wconf 91' lang='lat' dir='ltr'>nostri</span> <span class='ocrx_word' id='word_1_64' title='bbox 346 1234 486 1320; x_wconf 82' lang='lat' dir='ltr'>faciunt,</span> <span class='ocrx_word' id='word_1_65' title='bbox 504 1236 566 1301; x_wconf 88' lang='lat' dir='ltr'>tibi</span> <span class='ocrx_word' id='word_1_66' title='bbox 581 1237 667 1321; x_wconf 90' lang='lat' dir='ltr'>quod</span> <span class='ocrx_word' id='word_1_67' title='bbox 681 1239 738 1301; x_wconf 90' lang='lat' dir='ltr'>tua</span> <span class='ocrx_word' id='word_1_68' title='bbox 753 1234 922 1320; x_wconf 75' lang='lat' dir='ltr'>‘tempora&#39;</span> <span class='ocrx_word' id='word_1_69' title='bbox 939 1234 1085 1318; x_wconf 90' lang='lat' dir='ltr'>sordent,</span> 
     </span>
     <span class='ocr_line' id='line_1_13' title="bbox 89 1317 858 1407; baseline 0 -18"><span class='ocrx_word' id='word_1_70' title='bbox 89 1340 123 1389; x_wconf 87' lang='lat'>10</span> <span class='ocrx_word' id='word_1_71' title='bbox 184 1322 247 1389; x_wconf 82' lang='lat' dir='ltr'>Sed</span> <span class='ocrx_word' id='word_1_72' title='bbox 269 1323 395 1389; x_wconf 86' lang='lat' dir='ltr'>faciunt</span> <span class='ocrx_word' id='word_1_73' title='bbox 418 1317 561 1406; x_wconf 76' lang='lat' dir='ltr'>‘&#39;mores&#39;,</span> <span class='ocrx_word' id='word_1_74' title='bbox 583 1324 778 1407; x_wconf 78' lang='lat' dir='ltr'>Caeciliana,</span> <span class='ocrx_word' id='word_1_75' title='bbox 800 1325 858 1389; x_wconf 90' lang='lat' dir='ltr'>tui.</span> 
     </span>
    </p>
   </div>
   <div class='ocr_carea' id='block_1_4' title="bbox 461 1461 688 1550">
    <p class='ocr_par' dir='ltr' id='par_1_4' title="bbox 461 1461 688 1550">
     <span class='ocr_line' id='line_1_14' title="bbox 461 1461 688 1550; baseline 0 -22"><span class='ocrx_word' id='word_1_76' title='bbox 461 1465 514 1528; x_wconf 92' lang='grc'>22.</span> <span class='ocrx_word' id='word_1_77' title='bbox 547 1461 609 1550; x_wconf 80' lang='lat' dir='ltr'>(VI</span> <span class='ocrx_word' id='word_1_78' title='bbox 632 1463 688 1549; x_wconf 82' lang='grc'><strong>11.)</strong></span> 
     </span>
    </p>
   </div>
   <div class='ocr_carea' id='block_1_5' title="bbox 331 1565 707 1634">
    <p class='ocr_par' dir='ltr' id='par_1_5' title="bbox 331 1565 707 1634">
     <span class='ocr_line' id='line_1_15' title="bbox 331 1565 707 1634; baseline 0.005 -14"><span class='ocrx_word' id='word_1_79' title='bbox 331 1565 333 1569; x_wconf 77' lang='grc'><strong>’</strong></span> <span class='ocrx_word' id='word_1_80' title='bbox 444 1565 484 1620; x_wconf 89' lang='lat' dir='ltr'>Vt</span> <span class='ocrx_word' id='word_1_81' title='bbox 502 1565 616 1634; x_wconf 84' lang='lat' dir='ltr'>ameris,</span> <span class='ocrx_word' id='word_1_82' title='bbox 635 1583 707 1622; x_wconf 86' lang='lat' dir='ltr'>ama.</span> 
     </span>
    </p>
   </div>
   <div class='ocr_carea' id='block_1_6' title="bbox 89 1657 1086 2538">
    <p class='ocr_par' dir='ltr' id='par_1_6' title="bbox 89 1657 1086 2538">
     <span class='ocr_line' id='line_1_16' title="bbox 139 1657 1086 1742; baseline -0.002 -19"><span class='ocrx_word' id='word_1_83' title='bbox 139 1659 231 1734; x_wconf 81' lang='lat' dir='ltr'>Quod</span> <span class='ocrx_word' id='word_1_84' title='bbox 249 1679 315 1722; x_wconf 92' lang='lat' dir='ltr'>non</span> <span class='ocrx_word' id='word_1_85' title='bbox 335 1657 377 1721; x_wconf 92' lang='lat' dir='ltr'>sit</span> <span class='ocrx_word' id='word_1_86' title='bbox 391 1657 526 1741; x_wconf 87' lang='lat' dir='ltr'>Pylades</span> <span class='ocrx_word' id='word_1_87' title='bbox 545 1657 608 1725; x_wconf 89' lang='lat' dir='ltr'>hoc</span> <span class='ocrx_word' id='word_1_88' title='bbox 621 1660 780 1742; x_wconf 87' lang='lat' dir='ltr'>tempore,</span> <span class='ocrx_word' id='word_1_89' title='bbox 797 1679 865 1723; x_wconf 92' lang='lat' dir='ltr'>non</span> <span class='ocrx_word' id='word_1_90' title='bbox 884 1658 928 1723; x_wconf 92' lang='lat' dir='ltr'>sit</span> <span class='ocrx_word' id='word_1_91' title='bbox 942 1657 1086 1741; x_wconf 87' lang='lat' dir='ltr'>Orestes,</span> 
     </span>
     <span class='ocr_line' id='line_1_17' title="bbox 182 1745 941 1831; baseline 0 -20"><span class='ocrx_word' id='word_1_92' title='bbox 182 1745 334 1811; x_wconf 83' lang='lat' dir='ltr'>Miraris?</span> <span class='ocrx_word' id='word_1_93' title='bbox 366 1745 519 1830; x_wconf 75' lang='lat' dir='ltr'>Pyladea,</span> <span class='ocrx_word' id='word_1_94' title='bbox 541 1745 663 1831; x_wconf 86' lang='lat' dir='ltr'>Marce,</span> <span class='ocrx_word' id='word_1_95' title='bbox 686 1746 821 1811; x_wconf 84' lang='lat' dir='ltr'>bibebat</span> <span class='ocrx_word' id='word_1_96' title='bbox 843 1747 941 1830; x_wconf 88' lang='lat' dir='ltr'>idem,</span> 
     </span>
     <span class='ocr_line' id='line_1_18' title="bbox 136 1833 971 1919; baseline 0.002 -21"><span class='ocrx_word' id='word_1_97' title='bbox 136 1833 206 1900; x_wconf 85' lang='lat' dir='ltr'>Nec</span> <span class='ocrx_word' id='word_1_98' title='bbox 228 1834 343 1899; x_wconf 90' lang='lat' dir='ltr'>melior</span> <span class='ocrx_word' id='word_1_99' title='bbox 364 1835 460 1919; x_wconf 89' lang='lat' dir='ltr'>panis</span> <span class='ocrx_word' id='word_1_100' title='bbox 483 1835 637 1900; x_wconf 85' lang='lat' dir='ltr'>turdusve</span> <span class='ocrx_word' id='word_1_101' title='bbox 660 1835 799 1901; x_wconf 86' lang='lat' dir='ltr'>dabatur</span> <span class='ocrx_word' id='word_1_102' title='bbox 823 1833 971 1914; x_wconf 84' lang='lat' dir='ltr'>Orestae,</span> 
     </span>
     <span class='ocr_line' id='line_1_19' title="bbox 182 1921 928 2006; baseline 0 -18"><span class='ocrx_word' id='word_1_103' title='bbox 182 1921 244 1988; x_wconf 86' lang='lat' dir='ltr'>Sed</span> <span class='ocrx_word' id='word_1_104' title='bbox 266 1945 326 2006; x_wconf 86' lang='lat' dir='ltr'>par</span> <span class='ocrx_word' id='word_1_105' title='bbox 349 1927 445 2006; x_wconf 88' lang='lat' dir='ltr'>atque</span> <span class='ocrx_word' id='word_1_106' title='bbox 468 1923 579 1987; x_wconf 88' lang='lat' dir='ltr'>eadem</span> <span class='ocrx_word' id='word_1_107' title='bbox 602 1944 681 1987; x_wconf 85' lang='lat' dir='ltr'>cena</span> <span class='ocrx_word' id='word_1_108' title='bbox 704 1923 827 1989; x_wconf 89' lang='lat' dir='ltr'>duobus</span> <span class='ocrx_word' id='word_1_109' title='bbox 851 1927 928 1988; x_wconf 89' lang='lat' dir='ltr'>erat</span> 
     </span>
     <span class='ocr_line' id='line_1_20' title="bbox 105 2010 989 2095; baseline 0 -19"><span class='ocrx_word' id='word_1_110' title='bbox 105 2010 187 2076; x_wconf 76' lang='lat' dir='ltr'>eTu</span> <span class='ocrx_word' id='word_1_111' title='bbox 208 2011 350 2077; x_wconf 87' lang='lat' dir='ltr'>Lucrina</span> <span class='ocrx_word' id='word_1_112' title='bbox 373 2033 482 2084; x_wconf 80' lang='lat' dir='ltr'>voras,</span> <span class='ocrx_word' id='word_1_113' title='bbox 505 2032 556 2074; x_wconf 88' lang='lat' dir='ltr'>me</span> <span class='ocrx_word' id='word_1_114' title='bbox 579 2011 684 2094; x_wconf 89' lang='lat' dir='ltr'>pascit</span> <span class='ocrx_word' id='word_1_115' title='bbox 708 2033 830 2095; x_wconf 90' lang='lat' dir='ltr'>aquosa</span> <span class='ocrx_word' id='word_1_116' title='bbox 851 2011 989 2076; x_wconf 86' lang='lat' dir='ltr'>Peloris:</span> 
     </span>
     <span class='ocr_line' id='line_1_21' title="bbox 181 2098 1050 2184; baseline 0 -19"><span class='ocrx_word' id='word_1_117' title='bbox 181 2098 257 2165; x_wconf 89' lang='lat' dir='ltr'>Non</span> <span class='ocrx_word' id='word_1_118' title='bbox 280 2100 387 2164; x_wconf 88' lang='lat' dir='ltr'>minus</span> <span class='ocrx_word' id='word_1_119' title='bbox 410 2099 552 2184; x_wconf 82' lang='lat' dir='ltr'>ingenua</span> <span class='ocrx_word' id='word_1_120' title='bbox 576 2102 625 2163; x_wconf 96' lang='grc'>111</span> <span class='ocrx_word' id='word_1_121' title='bbox 648 2100 797 2184; x_wconf 87' lang='lat' dir='ltr'>etmihi,</span> <span class='ocrx_word' id='word_1_122' title='bbox 820 2099 941 2184; x_wconf 86' lang='lat' dir='ltr'>Marce,</span> <span class='ocrx_word' id='word_1_123' title='bbox 965 2100 1050 2184; x_wconf 82' lang='lat' dir='ltr'>gula.</span> 
     </span>
     <span class='ocr_line' id='line_1_22' title="bbox 139 2187 982 2273; baseline 0.002 -22"><span class='ocrx_word' id='word_1_124' title='bbox 139 2187 184 2251; x_wconf 84' lang='lat' dir='ltr'>Te</span> <span class='ocrx_word' id='word_1_125' title='bbox 208 2187 347 2253; x_wconf 81' lang='lat' dir='ltr'>Cadmea</span> <span class='ocrx_word' id='word_1_126' title='bbox 371 2187 488 2272; x_wconf 85' lang='lat' dir='ltr'>Tyros,</span> <span class='ocrx_word' id='word_1_127' title='bbox 510 2209 561 2252; x_wconf 90' lang='lat' dir='ltr'>me</span> <span class='ocrx_word' id='word_1_128' title='bbox 584 2188 715 2273; x_wconf 82' lang='lat' dir='ltr'>pinguis</span> <span class='ocrx_word' id='word_1_129' title='bbox 739 2187 845 2254; x_wconf 85' lang='lat' dir='ltr'>Gallia</span> <span class='ocrx_word' id='word_1_130' title='bbox 868 2189 982 2254; x_wconf 84' lang='lat' dir='ltr'>vestit:</span> 
     </span>
     <span class='ocr_line' id='line_1_23' title="bbox 181 2275 984 2363; baseline 0.001 -23"><span class='ocrx_word' id='word_1_131' title='bbox 181 2275 240 2340; x_wconf 90' lang='lat' dir='ltr'>Vis</span> <span class='ocrx_word' id='word_1_132' title='bbox 263 2280 296 2340; x_wconf 90' lang='lat' dir='ltr'>te</span> <span class='ocrx_word' id='word_1_133' title='bbox 318 2298 530 2361; x_wconf 89' lang='lat' dir='ltr'>purpureum,</span> <span class='ocrx_word' id='word_1_134' title='bbox 552 2276 676 2360; x_wconf 81' lang='lat' dir='ltr'>Marce,</span> <span class='ocrx_word' id='word_1_135' title='bbox 699 2282 833 2363; x_wconf 81' lang='lat' dir='ltr'>sagatus</span> <span class='ocrx_word' id='word_1_136' title='bbox 857 2277 984 2342; x_wconf 82' lang='lat' dir='ltr'>amem?</span> 
     </span>
     <span class='ocr_line' id='line_1_24' title="bbox 137 2364 1086 2450; baseline 0.002 -22"><span class='ocrx_word' id='word_1_137' title='bbox 137 2364 185 2429; x_wconf 92' lang='lat' dir='ltr'>Vt</span> <span class='ocrx_word' id='word_1_138' title='bbox 197 2368 359 2449; x_wconf 88' lang='lat' dir='ltr'>praestem</span> <span class='ocrx_word' id='word_1_139' title='bbox 375 2364 534 2449; x_wconf 87' lang='lat' dir='ltr'>Pyladen,</span> <span class='ocrx_word' id='word_1_140' title='bbox 556 2365 674 2450; x_wconf 86' lang='lat' dir='ltr'>aliquis</span> <span class='ocrx_word' id='word_1_141' title='bbox 689 2367 769 2430; x_wconf 90' lang='lat' dir='ltr'>mihi</span> <span class='ocrx_word' id='word_1_142' title='bbox 782 2371 926 2450; x_wconf 87' lang='lat' dir='ltr'>praestet</span> <span class='ocrx_word' id='word_1_143' title='bbox 940 2365 1086 2431; x_wconf 89' lang='lat' dir='ltr'>Oresten.</span> 
     </span>
     <span class='ocr_line' id='line_1_25' title="bbox 89 2452 1013 2538; baseline 0.001 -21"><span class='ocrx_word' id='word_1_144' title='bbox 89 2470 123 2517; x_wconf 89' lang='lat'>10</span> <span class='ocrx_word' id='word_1_145' title='bbox 182 2452 252 2518; x_wconf 86' lang='lat' dir='ltr'>Hoc</span> <span class='ocrx_word' id='word_1_146' title='bbox 274 2475 341 2517; x_wconf 91' lang='lat' dir='ltr'>non</span> <span class='ocrx_word' id='word_1_147' title='bbox 364 2453 402 2517; x_wconf 90' lang='lat' dir='ltr'>fit</span> <span class='ocrx_word' id='word_1_148' title='bbox 424 2453 544 2533; x_wconf 80' lang='lat' dir='ltr'>verbis,</span> <span class='ocrx_word' id='word_1_149' title='bbox 568 2452 692 2519; x_wconf 88' lang='lat' dir='ltr'>Marce:</span> <span class='ocrx_word' id='word_1_150' title='bbox 716 2459 753 2518; x_wconf 95' lang='lat' dir='ltr'>ut</span> <span class='ocrx_word' id='word_1_151' title='bbox 776 2455 907 2538; x_wconf 89' lang='lat' dir='ltr'>ameris,</span> <span class='ocrx_word' id='word_1_152' title='bbox 931 2476 1013 2518; x_wconf 90' lang='lat' dir='ltr'>ama.</span> 
     </span>
    </p>
   </div>
   <div class='ocr_carea' id='block_1_7' title="bbox 463 2609 693 2771">
    <p class='ocr_par' dir='ltr' id='par_1_7' title="bbox 463 2609 693 2771">
     <span class='ocr_line' id='line_1_26' title="bbox 463 2609 693 2698; baseline 0.009 -22"><span class='ocrx_word' id='word_1_153' title='bbox 463 2613 516 2676; x_wconf 88' lang='grc'>23.</span> <span class='ocrx_word' id='word_1_154' title='bbox 550 2609 594 2698; x_wconf 86' lang='lat' dir='ltr'>(V</span> <span class='ocrx_word' id='word_1_155' title='bbox 596 2613 611 2676; x_wconf 96' lang='grc' dir='ltr'>Ι</span> <span class='ocrx_word' id='word_1_156' title='bbox 635 2611 693 2698; x_wconf 82' lang='grc'><strong>11.)</strong></span> 
     </span>
     <span class='ocr_line' id='line_1_27' title="bbox 478 2715 670 2771; baseline 0.016 -4"><span class='ocrx_word' id='word_1_157' title='bbox 478 2716 524 2771; x_wconf 86' lang='lat' dir='ltr'>Ad</span> <span class='ocrx_word' id='word_1_158' title='bbox 544 2715 670 2771; x_wconf 84' lang='lat' dir='ltr'>divitem.</span> 
     </span>
    </p>
   </div>
   <div class='ocr_carea' id='block_1_8' title="bbox 106 2805 1131 3335">
    <p class='ocr_par' dir='ltr' id='par_1_8' title="bbox 106 2805 1131 3335">
     <span class='ocr_line' id='line_1_28' title="bbox 139 2805 1131 2893; baseline 0 -22"><span class='ocrx_word' id='word_1_159' title='bbox 139 2805 208 2872; x_wconf 84' lang='lat' dir='ltr'>Scis</span> <span class='ocrx_word' id='word_1_160' title='bbox 231 2811 263 2872; x_wconf 87' lang='lat' dir='ltr'>te</span> <span class='ocrx_word' id='word_1_161' title='bbox 288 2809 425 2893; x_wconf 86' lang='lat' dir='ltr'>captari,</span> <span class='ocrx_word' id='word_1_162' title='bbox 449 2808 512 2874; x_wconf 89' lang='lat' dir='ltr'>scis</span> <span class='ocrx_word' id='word_1_163' title='bbox 534 2808 621 2874; x_wconf 89' lang='lat' dir='ltr'>hunc</span> <span class='ocrx_word' id='word_1_164' title='bbox 645 2808 700 2892; x_wconf 90' lang='lat' dir='ltr'>qui</span> <span class='ocrx_word' id='word_1_165' title='bbox 723 2810 846 2892; x_wconf 88' lang='lat' dir='ltr'>captat,</span> <span class='ocrx_word' id='word_1_166' title='bbox 870 2829 1018 2891; x_wconf 86' lang='lat' dir='ltr'>avarum,</span> <span class='ocrx_word' id='word_1_167' title='bbox 1128 2833 1131 2839; x_wconf 90' lang='grc'>·</span> 
     </span>
     <span class='ocr_line' id='line_1_29' title="bbox 181 2895 945 2982; baseline 0 -22"><span class='ocrx_word' id='word_1_168' title='bbox 181 2895 227 2960; x_wconf 85' lang='lat' dir='ltr'>Et</span> <span class='ocrx_word' id='word_1_169' title='bbox 249 2898 312 2962; x_wconf 91' lang='lat' dir='ltr'>scis</span> <span class='ocrx_word' id='word_1_170' title='bbox 337 2897 391 2982; x_wconf 89' lang='lat' dir='ltr'>qui</span> <span class='ocrx_word' id='word_1_171' title='bbox 415 2900 538 2981; x_wconf 85' lang='lat' dir='ltr'>captat,</span> <span class='ocrx_word' id='word_1_172' title='bbox 562 2897 652 2981; x_wconf 90' lang='lat' dir='ltr'>quid,</span> <span class='ocrx_word' id='word_1_173' title='bbox 674 2895 835 2981; x_wconf 88' lang='lat' dir='ltr'>Mariane,</span> <span class='ocrx_word' id='word_1_174' title='bbox 858 2895 945 2960; x_wconf 84' lang='lat' dir='ltr'>velit.</span> 
     </span>
     <span class='ocr_line' id='line_1_30' title="bbox 138 2983 1085 3069; baseline 0.003 -22"><span class='ocrx_word' id='word_1_175' title='bbox 138 2983 187 3048; x_wconf 83' lang='lat' dir='ltr'>Tu</span> <span class='ocrx_word' id='word_1_176' title='bbox 209 2988 319 3050; x_wconf 87' lang='lat' dir='ltr'>tamen</span> <span class='ocrx_word' id='word_1_177' title='bbox 342 2986 428 3051; x_wconf 89' lang='lat' dir='ltr'>hunc</span> <span class='ocrx_word' id='word_1_178' title='bbox 451 2985 571 3050; x_wconf 88' lang='lat' dir='ltr'>tabulis</span> <span class='ocrx_word' id='word_1_179' title='bbox 594 2984 758 3069; x_wconf 81' lang='lat' dir='ltr'>heredem,</span> <span class='ocrx_word' id='word_1_180' title='bbox 786 2984 897 3069; x_wconf 86' lang='lat' dir='ltr'>stulte,</span> <span class='ocrx_word' id='word_1_181' title='bbox 927 2985 1085 3068; x_wconf 84' lang='lat' dir='ltr'>supremis</span> 
     </span>
     <span class='ocr_line' id='line_1_31' title="bbox 185 3048 881 3157; baseline -0.001 -20"><span class='ocrx_word' id='word_1_182' title='bbox 185 3072 306 3139; x_wconf 84' lang='lat' dir='ltr'>Scribis</span> <span class='ocrx_word' id='word_1_183' title='bbox 330 3080 362 3139; x_wconf 92' lang='lat' dir='ltr'>et</span> <span class='ocrx_word' id='word_1_184' title='bbox 385 3048 462 3140; x_wconf 48' lang='lat' dir='ltr'>es&amp;</span> <span class='ocrx_word' id='word_1_185' title='bbox 478 3077 535 3140; x_wconf 92' lang='lat' dir='ltr'>tuo</span> <span class='ocrx_word' id='word_1_186' title='bbox 559 3072 621 3157; x_wconf 86' lang='lat' dir='ltr'>vis,</span> <span class='ocrx_word' id='word_1_187' title='bbox 644 3073 778 3156; x_wconf 87' lang='lat' dir='ltr'>furiose,</span> <span class='ocrx_word' id='word_1_188' title='bbox 800 3073 881 3138; x_wconf 88' lang='grc'><strong>1111.</strong></span> 
     </span>
     <span class='ocr_line' id='line_1_32' title="bbox 106 3160 1083 3249; baseline 0 -23"><span class='ocrx_word' id='word_1_189' title='bbox 106 3160 290 3226; x_wconf 75' lang='lat' dir='ltr'>5‘Munera</span> <span class='ocrx_word' id='word_1_190' title='bbox 313 3185 433 3249; x_wconf 81' lang='lat' dir='ltr'>magna</span> <span class='ocrx_word' id='word_1_191' title='bbox 451 3165 561 3227; x_wconf 89' lang='lat' dir='ltr'>tamen</span> <span class='ocrx_word' id='word_1_192' title='bbox 585 3161 695 3226; x_wconf 67' lang='lat' dir='ltr'>misit!</span> <span class='ocrx_word' id='word_1_193' title='bbox 733 3162 789 3227; x_wconf 87' lang='lat' dir='ltr'>sed</span> <span class='ocrx_word' id='word_1_194' title='bbox 808 3161 899 3226; x_wconf 90' lang='lat' dir='ltr'>misit</span> <span class='ocrx_word' id='word_1_195' title='bbox 921 3162 956 3227; x_wconf 91' lang='lat' dir='ltr'>in</span> <span class='ocrx_word' id='word_1_196' title='bbox 973 3161 1083 3226; x_wconf 87' lang='lat' dir='ltr'>hamo:</span> 
     </span>
     <span class='ocr_line' id='line_1_33' title="bbox 182 3249 850 3335; baseline 0 -21"><span class='ocrx_word' id='word_1_197' title='bbox 182 3249 228 3314; x_wconf 84' lang='lat' dir='ltr'>Et</span> <span class='ocrx_word' id='word_1_198' title='bbox 249 3251 442 3334; x_wconf 89' lang='lat' dir='ltr'>piscatorem</span> <span class='ocrx_word' id='word_1_199' title='bbox 465 3251 564 3335; x_wconf 89' lang='lat' dir='ltr'>piscis</span> <span class='ocrx_word' id='word_1_200' title='bbox 588 3271 695 3315; x_wconf 86' lang='lat' dir='ltr'>amare</span> <span class='ocrx_word' id='word_1_201' title='bbox 717 3250 850 3335; x_wconf 83' lang='lat' dir='ltr'>potest?</span> 
     </span>
    </p>
   </div>
   <div class='ocr_carea' id='block_1_9' title="bbox 138 3337 932 3514">
    <p class='ocr_par' dir='ltr' id='par_1_9' title="bbox 138 3337 932 3514">
     <span class='ocr_line' id='line_1_34' title="bbox 138 3337 831 3405; baseline 0.001 -4"><span class='ocrx_word' id='word_1_202' title='bbox 138 3337 254 3404; x_wconf 89' lang='lat' dir='ltr'>Hicine</span> <span class='ocrx_word' id='word_1_203' title='bbox 277 3340 407 3404; x_wconf 88' lang='lat' dir='ltr'>deflebit</span> <span class='ocrx_word' id='word_1_204' title='bbox 429 3360 504 3405; x_wconf 80' lang='lat' dir='ltr'>vero</span> <span class='ocrx_word' id='word_1_205' title='bbox 528 3344 585 3404; x_wconf 89' lang='lat' dir='ltr'>tua</span> <span class='ocrx_word' id='word_1_206' title='bbox 607 3339 676 3403; x_wconf 89' lang='lat' dir='ltr'>fata</span> <span class='ocrx_word' id='word_1_207' title='bbox 699 3338 831 3405; x_wconf 80' lang='lat' dir='ltr'>dolore?</span> 
     </span>
     <span class='ocr_line' id='line_1_35' title="bbox 185 3426 932 3514; baseline 0.003 -24"><span class='ocrx_word' id='word_1_208' title='bbox 185 3426 218 3490; x_wconf 83' lang='lat' dir='ltr'>Si</span> <span class='ocrx_word' id='word_1_209' title='bbox 242 3429 345 3513; x_wconf 89' lang='lat' dir='ltr'>cupis,</span> <span class='ocrx_word' id='word_1_210' title='bbox 368 3430 406 3492; x_wconf 94' lang='lat' dir='ltr'>ut</span> <span class='ocrx_word' id='word_1_211' title='bbox 427 3429 546 3513; x_wconf 91' lang='lat' dir='ltr'>ploret,</span> <span class='ocrx_word' id='word_1_212' title='bbox 569 3427 638 3512; x_wconf 85' lang='lat' dir='ltr'>des,</span> <span class='ocrx_word' id='word_1_213' title='bbox 661 3426 819 3514; x_wconf 81' lang='lat' dir='ltr'>Mariana,</span> <span class='ocrx_word' id='word_1_214' title='bbox 842 3428 932 3492; x_wconf 91' lang='lat' dir='ltr'>nihil.</span> 
     </span>
    </p>
   </div>
   <div class='ocr_carea' id='block_1_10' title="bbox 0 0 1199 3848">
    <p class='ocr_par' dir='ltr' id='par_1_10' title="bbox 0 0 1199 3848">
     <span class='ocr_line' id='line_1_36' title="bbox 0 0 1199 3848; baseline 0 0"><span class='ocrx_word' id='word_1_215' title='bbox 0 0 1199 3848; x_wconf 95' lang='lat' dir='ltr'> </span> 
     </span>
    </p>
   </div>
  </div>
 </body>
</html>
