2384 3848
60 253 66 264 ι
110 175 154 239 56
483 174 531 228 111.
552 172 756 228 LVCRETIVS

180 319 227 382 Vt
250 320 344 384 cadat
368 340 384 383 e
407 319 539 404 regione
563 320 640 403 loci,
664 341 727 402 qua
750 318 868 404 derigit
891 322 1011 384 aestus.
1082 384 1086 389 .

186 407 255 483 Quo
280 430 352 473 cum
376 409 511 492 corruit,
534 408 587 473 hic
610 408 721 472 eadem
744 407 794 472 vis
817 407 906 472 illius
929 411 1040 474 aestus

136 514 170 562 85
186 497 352 580 Reliquias
377 497 461 561 vitae
485 497 639 561 membris
663 518 702 559 ex
726 496 875 562 omnibus
899 497 1015 562 aufert.

190 584 316 669 Quippe
331 585 449 649 etenim
463 586 568 669 primo
583 586 675 669 quasi
685 586 844 668 quendam
856 585 984 650 conciet
997 588 1141 652 aestumt

182 673 352 740 Posterius
376 674 415 738 fit
436 675 497 756 uti,
521 696 595 746 oum
618 673 683 738 iam
706 673 848 739 cecidere
870 675 988 739 veneni

184 763 224 827 In
247 763 347 827 fontis
371 762 473 846 ipsos,
496 762 542 827 ibi
564 762 610 832 sit
632 784 759 848 quoque
782 762 851 828 vita
874 762 1035 828 vomenda

181 851 358 935 Propterea
380 851 465 936 quod
489 871 609 935 magna
632 852 711 916 mali
733 851 771 915 fit
794 850 889 935 copia
911 851 1043 916 circum.

131 956 165 1004 90
220 939 275 1004 Fit
286 961 412 1025 quoque
421 943 458 1004 ut
467 940 628 1004 interdum
640 940 689 1005 vis
698 940 778 1005 haec
789 942 886 1025 atque
896 939 1134 1007 aestusAverni

179 1028 280 1111 A'e'ra,
302 1029 356 1112 qui
374 1029 459 1093 inter
478 1028 547 1093 avis
566 1049 702 1113 cumque
722 1031 772 1095 est
789 1031 972 1112 terramque
991 1028 1136 1116 locatus,

185 1114 362 1200 Discutiat,
385 1138 485 1200 prope
508 1117 557 1181 uti
579 1118 668 1182 locus
691 1116 744 1183 hio
767 1116 935 1202 linquatur
956 1117 1075 1183 inanis.

188 1202 287 1269 Cuius
310 1205 366 1269 ubi
391 1226 407 1268 e
430 1205 562 1290 regione
586 1207 649 1270 loci
672 1226 788 1270 venere
811 1206 974 1290 volantes,

189 1291 357 1358 Claudicat
380 1294 540 1376 extemplo
564 1295 736 1378 pinnarum
758 1294 849 1359 nisus
872 1294 994 1378 inanis,

136 1399 171 1448 95
185 1381 231 1446 Et
254 1403 410 1447 conamen
433 1383 595 1466 utrimque
619 1383 743 1447 alarum
766 1382 914 1467 proditur
936 1404 1043 1448 omne.

188 1471 251 1536 Hic
274 1471 330 1536 ubi
353 1472 460 1536 nixari
481 1475 648 1556 nequeunt
670 1471 883 1555 insistereque
906 1471 980 1555 alis,
1062 1508 1065 1513 ·

46 1602 50 1610 -
185 1559 328 1642 Scilicet,
351 1561 385 1624 in
408 1564 529 1624 terram
553 1560 658 1625 delabi
681 1560 822 1643 pondere
845 1559 935 1643 cogit

184 1648 324 1730 Natura,
349 1651 382 1712 et
403 1669 540 1713 vacuum
563 1670 664 1732 prope
687 1648 752 1713 iam
776 1670 833 1732 per
855 1649 952 1712 inane
975 1648 1119 1715 iacentes

185 1736 388 1821 Dispergunt
412 1737 537 1800 animas
559 1759 618 1820 per
642 1738 750 1803 caulas
775 1737 918 1821 corporis
941 1739 1057 1802 omnis.

399 1897 428 1960 8.
465 1891 549 1982 (Lib.
567 1894 615 1960 VI
640 1895 849 1980 nas—rasa)

311 1986 492 2054 'rosulenta
510 1997 723 2054 Atheniensium
743 1999 917 2055 describitur.

224 2089 314 2156 Haec
328 2091 413 2156 ratio
429 2090 591 2175 quondam
607 2091 794 2155 morborum
808 2092 842 2154 et
860 2089 1008 2155 mortifer
1023 2095 1135 2158 aestus

180 2178 316 2243 Finibus
340 2179 375 2241 in
399 2177 550 2261 Cecropis
574 2179 720 2244 funestos
744 2178 885 2244 reddidit
907 2199 1007 2262 agros

181 2266 395 2349 Vastavitque
418 2268 501 2350 vias,
528 2266 680 2332 exhausit
702 2267 825 2332 civibus
849 2268 973 2333 urbem.

179 2352 264 2418 Nam
288 2355 417 2439 penitus
440 2355 572 2420 veniens
595 2355 737 2440 Aegypti
760 2353 908 2442 finibu(s)
932 2357 1082 2441 morbus,

117 2505 121 2512 ,
149 2443 268 2509 oAtra
290 2464 478 2529 permensus
503 2444 641 2509 multum
665 2465 860 2529 camposque
883 2445 1044 2530 natantis,
1070 2479 1073 2483 ’

179 2531 330 2598 Incubuit
352 2534 482 2598 tandem
506 2534 627 2617 populo
651 2532 826 2598 Pandionis
850 2533 948 2598 omni.

179 2621 257 2686 Inde
280 2623 468 2688 catervatim
492 2623 606 2687 morbo
630 2621 792 2705 mortique
816 2621 985 2688 dabantur.

178 2709 342 2794 Principio
366 2715 464 2795 caput
486 2711 654 2775 incensum
677 2710 803 2776 fervore
828 2710 987 2794 gerebant

178 2798 224 2862 Et
247 2799 384 2883 duplicis
408 2800 517 2865 oculos
541 2798 662 2864 suffusa
685 2799 755 2864 luce
779 2800 962 2864 rubentes>
1067 2846 1069 2850 ,

132 2905 164 2953 10
181 2885 349 2952 Sudabant
372 2888 471 2953 etiam
494 2887 603 2954 fauces
626 2887 823 2952 intrinsecus
848 2891 938 2952 atrae

181 2974 360 3060 Sanguine,
384 2981 416 3042 et
438 2976 600 3041 ulceribus
624 2976 714 3041 vocis
738 2977 791 3041 via
815 2979 928 3060 saepta
951 2975 1077 3061 coibat,

178 3064 287 3147 Atque
311 3066 412 3130 animi
435 3067 595 3150 interpres
618 3065 773 3129 manabat
796 3065 910 3150 lingua
932 3085 1063 3150 cruore,

179 3150 361 3217 Debilitata
384 3155 493 3234 malis,
516 3157 609 3218 motu
632 3153 754 3239 gravis,
778 3175 894 3238 aspera
915 3155 1016 3218 tactu.

179 3241 258 3306 Inde
281 3241 338 3306 ubi
361 3264 418 3325 per
440 3242 549 3308 fauces
572 3246 685 3327 pectus
700 3242 889 3327 complerat
911 3245 944 3307 et
966 3241 1079 3325 ipsum

131 3345 164 3394 15
179 3329 329 3395 Morbida
351 3329 401 3395 vis
424 3330 459 3394 in
482 3353 537 3396 cor
559 3336 719 3396 maestum
744 3331 942 3396 confluxerat
966 3331 1089 3415 aegris,

179 3418 300 3484 Omnia
322 3423 392 3483 tum
416 3441 491 3484 vero
515 3420 594 3485 vitai
617 3421 758 3485 claustra
781 3419 945 3485 lababant
