2392 3848
129 189 174 254 42
498 189 547 245 111.
566 187 770 245 chanrlvs

88 334 100 357 ⁸
196 334 351 417 Desipere
375 337 432 400 eat
467 355 544 399 nam
567 355 623 400 cur
645 334 699 400 hic
721 337 833 418 posset
856 336 972 400 cuncta
993 337 1136 400 notare·-

129 438 182 488 255
196 422 340 488 Vocibus
363 425 397 487 et
417 422 526 488 varios
549 422 676 488 sonitus
698 423 845 490 emittere
868 423 1015 508 linguae,

196 512 353 595 Tempore
376 510 488 578 eodem
506 511 563 575 alii
583 511 688 575 facere
706 511 740 576 id
756 533 824 577 non
842 511 949 595 quisse
967 511 1146 598 putentur?

196 598 368 664 Praeterea
390 599 419 663 si
441 620 510 664 non
533 598 591 663 alii
613 620 741 684 quoque
764 599 897 664 vocibus
919 598 972 664 nsi

196 687 287 753 Inter
310 709 344 752 se
366 688 507 771 fuerant,
530 687 616 752 unde
639 688 738 753 insita
759 687 893 753 notities
917 690 968 753 est

196 776 357 842 Vtilitatis
381 778 415 840 et
435 775 520 841 unde
543 776 619 841 data
642 779 692 841 est
714 776 791 841 huic
811 777 918 860 prima
940 777 1100 860 potestas,

129 880 182 930 260
197 865 282 943 Quid
305 866 415 949 vellet,
437 864 543 930 facere
565 868 602 930 ut
625 865 747 930 scirent
768 866 941 950 animoque
963 863 1132 930 viderent?

197 954 319 1039 Cogere
341 955 421 1018 110111
443 953 545 1037 pluris
568 974 651 1018 unus
675 953 840 1038 victosque
862 953 992 1019 domare

195 1041 271 1107 Non
298 1045 441 1126 poterat,
466 1062 574 1106 rerum
597 1044 635 1106 ut
656 1041 835 1125 perdiscere
857 1042 991 1107 nomina
1014 1039 1145 1106 vellent

194 1129 264 1194 Nec
286 1130 414 1195 ratione
430 1129 551 1195 docere
574 1129 642 1194 ulla
664 1129 862 1215 suadereque
885 1129 1005 1212 surdis,

196 1218 279 1294 Quid
295 1218 339 1283 sit
352 1239 434 1302 opus
444 1217 542 1305 facto,
550 1217 645 1284 facile
658 1221 722 1282 est:
735 1218 937 1302 nequeenim
946 1220 1145 1304 paterentur,

129 1303 264 1372 16οΝθο
287 1306 413 1372 ratione
435 1307 504 1371 ulla
526 1306 589 1372 sibi
611 1307 896 1391 1011011111111111110
920 1306 1007 1371 auris

194 1394 294 1460 Vocis
317 1395 482 1460 inauditos
505 1394 632 1460 sonitus
654 1395 833 1462 obtundere
855 1395 987 1460 frustra.

195 1482 364 1550 Postremo
388 1483 465 1569 quid
486 1484 523 1548 in
544 1484 607 1550 hac
628 1484 776 1550 mirabile
799 1485 971 1568 tantopore
992 1485 1044 1548 est
1063 1503 1114 1568 re,

195 1569 230 1637 Si
253 1572 571 1657 genushumanum,
594 1571 647 1638 eui
668 1594 732 1639 vox
755 1576 788 1638 et
805 1573 923 1658 >lingua
944 1573 1082 1658 rigeret,

194 1658 258 1725 Pro
282 1660 372 1725 vario
396 1681 493 1726 sensu
514 1661 606 1725 varia
625 1682 678 1726 res
701 1681 779 1726 voce
801 1658 955 1726 notaret?

127 1745 437 1832 circumpansa
463 1751 587 1832 mutae,
617 1770 690 1814 cum
714 1748 851 1834 denique
874 1749 979 1815 saecla
1000 1748 1143 1813 ferarum

194 1833 371 1901 Dissimilis
395 1838 522 1902 soleant
543 1857 637 1902 voces
660 1837 831 1922 variasque
854 1837 950 1922 ciere,

195 1920 278 1989 Cum
291 1927 397 1990 metus
412 1929 470 1991 ant
479 1924 572 1992 dolor
586 1928 637 1991 est
649 1928 764 1991 etcum
777 1926 844 1991 ianr
858 1925 978 2012 gaudia
990 1923 1143 2010 gliscunt.

195 2012 328 2097 Quippe,
346 2015 466 2079 etenim
488 2014 619 2081 licelid
641 2015 740 2080 rebus
762 2034 958 2101 cognoscere
980 2013 1111 2098 apertis.

133 2164 136 2169 .
195 2099 333 2167 Inritata
356 2124 471 2168 canum
494 2124 568 2168 cum
590 2103 731 2187 primurn
754 2123 874 2189 magna
896 2102 1076 2169 Molossum
1109 2128 1111 2133 ·

126 2205 179 2255 110
194 2187 307 2255 Mollia
328 2190 413 2255 ricta
434 2192 578 2256 fremunt
600 2191 705 2256 duros
721 2191 880 2257 nudantia
902 2192 1028 2275 dentes,

192 2276 306 2363 Longe
329 2278 394 2344 alio
417 2279 526 2344 sonitu
548 2279 637 2345 rabie
659 2280 809 2345 restricta
831 2280 1007 2364 minantur·

193 2363 237 2431 Et
261 2388 333 2431 oum
356 2367 422 2434 iam
445 2367 568 2434 latrant
591 2371 624 2432 et
646 2369 779 2435 vocibus
801 2369 912 2434 omnia
933 2367 1113 2452 complent:

193 2453 238 2519 Et
260 2455 385 2521 catulos
408 2456 526 2522 blande
549 2478 622 2523 eum
644 2457 757 2542 lingua
778 2457 922 2524 lambere
942 2459 1119 2541 temptant,

193 2542 262 2609 Aut
284 2544 341 2609 ubi
364 2566 420 2611 ecs
439 2546 564 2612 iactant
585 2545 721 2630 pedibus
743 2567 916 2630 morsuque
939 2548 1086 2631 petentes

126 2646 179 2697 280
193 2629 367 2717 Suspensis
388 2638 520 2700 teneros
542 2634 736 2700 minitantur
757 2634 917 2700 dentibus.
931 2634 1082 2717 haustas,

192 2720 304 2805 Longe
328 2723 392 2787 alio
415 2725 511 2806 pacto
535 2721 671 2806 gannitu
693 2723 781 2788 vocis
805 2723 953 2806 adulant,
999 2763 1002 2767 >

192 2808 238 2874 Et
261 2829 334 2874 cum
357 2810 476 2874 deserti
497 2808 682 2875 baubantur
704 2811 739 2875 in
762 2811 910 2896 aedibus,
933 2814 1086 2876 autenm

191 2895 363 2963 Plorantes
383 2897 515 2982 fugiunt
537 2899 698 2964 submisso
722 2921 855 2984 corpore
877 2901 1002 2986 plagas.

192 2983 340 3071 Denique
361 3007 429 3051 non
450 2987 595 3053 hinnitus
618 2989 699 3054 item
721 2987 848 3053 differre
870 2988 1005 3071 videtur,

125 3072 281 3138 1801111111
304 3095 403 3159 equas
425 3076 482 3141 ubi
500 3097 607 3161 ,equus
629 3077 758 3143 florenti
781 3079 886 3142 aetate
909 3077 1062 3141 iuvencus

191 3158 358 3246 Pinnigeri
380 3165 484 3229 saevit
506 3165 685 3230 calcaribus
708 3167 791 3231 ictus
815 3164 959 3248 Amoris,
1045 3214 1048 3219 -

191 3247 237 3312 Et
259 3249 421 3316 fremitum
444 3253 565 3337 patulis
589 3254 646 3318 ubi
667 3254 801 3318 naribus
825 3253 892 3318 edit
915 3254 955 3319 ad
979 3274 1084 3339 arma,

190 3336 331 3404 Etcum
354 3341 401 3406 sic
424 3341 507 3406 alias
529 3343 692 3407 concussis
716 3343 840 3407 artibus
863 3342 994 3408 hinnit?

190 3424 361 3493 Postremo
385 3447 487 3512 genus
510 3428 647 3495 alituum
669 3430 842 3517 variaeque
865 3431 1026 3515 volucres,
