2392 3848
87 209 130 274 ’12
473 210 507 266 V.
527 208 706 265 TIBVLLVS

155 353 227 420 Neu
250 354 371 438 pudeat
393 355 499 440 prisco
523 376 581 421 vos
605 376 675 420 esse
699 377 716 418 e
740 354 853 439 stipite
875 352 999 420 factosi
1094 372 1100 382 ·

202 441 255 509 Sic
276 443 397 508 veteris
421 444 511 509 sedes
534 442 717 508 incoluistis
741 443 803 510 avi.

158 531 241 596 Tum
264 531 379 596 melius
403 536 534 596 tenuere
557 532 668 616 fidem,
691 553 764 597 cnm
786 552 929 617 paupere
952 531 1042 597 cultu

107 636 142 685 20
201 618 318 686 Stabat
340 619 375 683 in
397 620 515 705 exigua
538 619 666 704 ligneus
690 621 768 685 aede
792 620 879 694 deus.
971 680 984 692 ,,

157 708 220 774 Η11
242 709 389 794 placatus
414 711 496 792 erat,
520 730 577 772 seu
600 708 672 793 quis
695 709 854 773 libaverat
876 729 986 792 uvam,

201 795 264 861 Seu
288 796 421 862 dederat
443 801 574 862 sanotae
597 797 716 881 spicea
730 800 818 862 serta
840 817 965 862 comae:

155 885 264 970 Atque
287 885 405 970 aliquis
428 885 497 950 voti
519 906 652 970 compos
674 886 742 950 liba
764 886 835 970 ipse
857 884 985 951 ferebat

199 973 341 1058 Postque
365 995 472 1039 comes
495 996 612 1058 purum
635 973 705 1039 filia
726 996 827 1059 parva
849 973 967 1040 favum.

109 1077 142 1126 11
156 1062 203 1127 Α1
224 1063 319 1128 nobis
343 1065 469 1146 aerata,
490 1060 604 1146 Lares,
627 1062 778 1147 depellite
801 1063 880 1145 tela,

524 1168 672 1250 22*ss

200 1271 381 1356 Hostiaque
405 1293 422 1336 e
444 1273 543 1357 plena
565 1273 688 1338 rustica
710 1295 827 1357 porcus
850 1272 939 1338 hara.

156 1360 251 1426 Hanc
272 1381 355 1445 pura
377 1382 450 1426 11111
474 1365 563 1426 veste
586 1382 703 1447 sequar
725 1367 898 1447 myrtoque
921 1360 1066 1427 canistra

201 1448 321 1514 Vincta
343 1469 468 1535 geram,
491 1454 597 1534 myrto
620 1452 745 1516 vinctus
768 1451 893 1533 etipse
916 1452 1022 1535 caput.

158 1536 212 1603 Sic
234 1539 379 1623 placeam
400 1539 508 1604 vobis:
532 1539 616 1604 alius
640 1539 685 1603 sit
706 1538 801 1604 fortis
824 1538 859 1602 in
882 1539 996 1618 armis,

109 1643 144 1693 30
204 1624 337 1691 Sternat
360 1630 393 1691 et
416 1626 568 1692 adversos
591 1626 695 1692 Marte
718 1626 848 1692 favente
872 1626 984 1711 duces,

156 1715 203 1780 Vt
226 1715 307 1778 mihi
329 1715 459 1796 potanti
481 1715 589 1798 possit
610 1737 669 1779 sua
693 1715 798 1779 dicere
820 1715 909 1780 facta

201 1801 296 1866 Miles
320 1805 353 1867 et
375 1802 410 1867 in
432 1824 544 1868 mensa
566 1805 701 1888 pingere
724 1807 833 1868 castra
854 1825 952 1869 mero.

158 1890 237 1967 Quis
261 1891 352 1956 furor
375 1896 426 1957 est
449 1895 554 1957 atram
577 1891 672 1957 bellis
696 1913 856 1957 arcessere
880 1896 1038 1958 mortem?

203 1979 348 2045 Inminet
371 1983 404 2044 et
425 1980 524 2045 tacito
548 1981 632 2045 clam
654 1981 745 2048 venit
765 1981 823 2045 1111
844 1980 934 2064 pede.

110 2084 144 2134 at
157 2067 235 2134 Non
258 2089 350 2153 seges
373 2072 424 2134 est
446 2069 545 2154 infra,
566 2091 634 2135 non
656 2069 752 2134 vinea
775 2069 876 2153 culta,
901 2069 957 2134 sed
980 2068 1088 2135 audax

203 2155 361 2221 Cerberus
385 2160 418 2221 et
440 2156 575 2242 Stygiae
597 2157 709 2222 navita
731 2157 836 2241 turpis
859 2178 976 2243 aquae:

157 2244 230 2309 Illic
252 2245 476 2327 perennisque
500 2245 591 2328 genis
614 2248 752 2331 ustoque
776 2244 893 2330 capillo

201 2332 301 2398 Errat
323 2332 365 2397 ad
388 2333 544 2399 obscuros
567 2333 690 2418 pallida
712 2334 810 2399 turba
832 2335 932 2400 lacus.

160 2420 263 2496 Quam
280 2421 389 2505 potius
407 2421 588 2487 laudandus
611 2421 666 2488 hic
684 2426 747 2507 est,
770 2443 865 2507 quem
883 2422 975 2508 prole
993 2426 1112 2508 parata

109 2527 145 2577 40
204 2508 350 2594 Occupat
372 2509 407 2575 in
428 2532 531 2594 parva
552 2511 648 2597 pigra
670 2514 799 2576 senecta
821 2513 912 2576 casal

158 2598 232 2683 Ipse
256 2619 331 2677 suas
355 2602 497 2664 sectatur
520 2621 610 2684 oves,
633 2603 669 2665 at
689 2600 778 2664 filius
802 2619 918 2686 agnos,

203 2685 248 2750 llt
270 2687 409 2751 calidam
432 2686 520 2754 fesso
543 2692 711 2770 comparat
732 2711 814 2754 uxor
837 2709 964 2773 aquam.

63 2832 65 2836 .
160 2773 213 2840 Sic
236 2796 296 2861 ego
321 2776 395 2859 sim,
418 2776 577 2860 liceatque
601 2779 700 2860 caput
722 2777 912 2842 candescere
935 2777 1039 2863 oanis,

204 2862 373 2947 Temporis
397 2866 430 2927 et
452 2864 552 2947 prisci
574 2864 663 2930 facta
687 2864 806 2930 referre
830 2886 949 2931 senem.

112 2951 290 3018 4111111111
312 2952 381 3017 Pax
403 2974 482 3018 arva
505 2953 599 3019 colat.
634 2953 704 3018 Pax
727 2954 864 3020 candida
885 2954 1032 3038 primum

205 3039 308 3106 Duxit
330 3045 477 3107 araturos
502 3041 560 3107 sub
583 3042 661 3127 iuga
682 3044 791 3126 panda
812 3043 926 3127 boves,

159 3129 228 3194 Pax
251 3129 436 3196 1111111111
461 3134 493 3195 et
516 3152 609 3196 sucos
632 3131 778 3196 condidit
799 3152 894 3216 uvae,

204 3216 366 3283 Funderet
388 3223 426 3283 ut
447 3222 525 3284 nato
548 3223 635 3284 testa
656 3223 792 3304 paterna
815 3241 953 3285 merum:

159 3306 243 3372 Pace
265 3306 379 3372 bidens
401 3328 575 3391 vomerque
597 3308 720 3393 vigent,
744 3311 779 3371 at
800 3308 909 3374 tristia
932 3307 1004 3372 duri

111 3412 146 3463 50
203 3394 319 3460 Militis
343 3397 378 3461 in
400 3396 542 3460 tenebris
567 3399 702 3518 occupat
725 3418 817 3462 arma
840 3399 931 3462 situs.

528 3484 546 3523 ²1²

592 3527 611 3567 *
