2392 3848
86 202 131 267 50
458 198 507 254 ΙΙΙ.
526 198 732 255 chuuulvs

158 345 238 410 Tela
260 345 402 410 infracta
426 366 484 409 suo
507 345 695 430 tinguentes
717 343 874 428 sanguine
897 345 998 430 saevi,

155 435 399 518 Permixtasque
422 433 546 498 dabant
566 433 711 517 equitum
733 430 941 516 peditumque
963 434 1091 501 ruinas:

156 523 243 587 Nem
265 526 452 587 transverse
473 521 560 587 feros
583 521 715 587 exibant
737 520 845 586 dentis
869 521 1004 588 adactus

90 627 142 677 545
157 611 305 676 Iumenta
329 613 386 675 aut
407 610 543 694 pedibus
567 612 681 675 ventos
705 612 811 675 erecte
832 610 1002 696 petebant,

156 698 395 784 Nequiequam,
416 699 570 784 quoniam
593 699 635 764 ab
657 698 766 763 nervis
789 698 914 764 succisa
936 699 1062 766 videres

160 787 337 867 Concidere
360 790 456 873 atque
480 788 573 873 gravi
596 790 717 852 terram
739 790 944 853 consternere
967 809 1054 855 casu.

156 875 294 960 Siquos
318 881 394 942 ente
416 877 504 942 domi
527 876 668 942 domitos
691 875 771 940 satis
794 896 865 941 esse
887 877 1063 962 putabant,

156 965 375 1031 Effervescere
398 965 574 1030 cernebant
596 964 631 1028 in
653 964 748 1029 rebus
772 963 922 1048 agundis,

91 1070 143 1119 545
158 1053 368 1136 Volneribus,
391 1054 545 1138 clamore,
567 1054 659 1138 fuga,
681 1056 818 1140 terrore,
839 1054 995 1139 tumultu,

155 1141 224 1207 Nee
247 1145 399 1226 poterant
421 1141 523 1207 ullam
544 1145 672 1226 partem
695 1140 868 1207 redducere
892 1163 1017 1208 eorum:

154 1229 356 1316 Diffugiebat
378 1230 465 1296 enim
487 1231 612 1295 varium
634 1250 737 1315 genus
761 1251 855 1295 omne
877 1230 1034 1317 ferarum3

155 1317 202 1383 Ut
224 1339 309 1383 nunc
332 1340 428 1403 saepe
451 1319 550 1385 boves
573 1318 680 1384 Lucae
703 1318 789 1383 ferro
813 1317 898 1384 mele
920 1322 1048 1385 mactae

15 1440 19 1446 ¹
155 1407 353 1493 Diffugiunt,
375 1406 535 1472 ferafeta
558 1408 624 1473 suis
648 1428 720 1472 cum
744 1406 848 1471 multa
871 1407 995 1474 dedere.

89 1511 141 1561 550
156 1494 208 1561 Sic
231 1497 295 1562 fuit
317 1499 354 1561 ut
375 1497 529 1562 facerent.
566 1497 623 1563 sed
646 1495 700 1562 vix
724 1494 864 1561 adducor
886 1499 937 1580 ut,
960 1500 1037 1562 ante

157 1584 261 1660 Quam
284 1606 454 1651 commune
477 1585 598 1651 malum
620 1585 713 1650 fieret
729 1583 938 1669 foedumque,
959 1584 1108 1652 futurum

156 1671 234 1737 Non
256 1673 399 1757 quierint
422 1674 530 1739 animo
553 1673 751 1758 praesentire
775 1675 872 1757 atque
895 1673 1012 1740 ridere.

158 1758 221 1825 Sed
244 1760 349 1825 facere
372 1761 405 1826 id
428 1783 494 1827 non
518 1765 587 1826 tem
609 1761 758 1826 vincendi
781 1782 838 1845 spe
861 1762 1047 1849 voluerunt,

159 1849 263 1925 Quam
287 1849 363 1914 dare
387 1849 473 1934 quod
496 1852 664 1936 gemerent
685 1850 810 1932 hostes,
833 1850 959 1935 ipsique
981 1852 1101 1939 perire,

91 1952 143 2003 555
159 1938 220 2014 Qui
243 1960 377 2005 numero
401 1937 594 2005 diffidebant
615 1938 775 2023 armisque
799 1939 967 2006 vacabant

89 2114 135 2182 VI
197 2113 322 2181 Nexilis
346 2120 421 2181 ante
444 2115 506 2180 fuit
529 2117 652 2182 vestis
676 2137 773 2201 quam
796 2117 909 2182 textile
931 2119 1073 2201 tegmen.

156 2202 282 2267 Textile
305 2207 381 2288 post
403 2204 526 2269 ferrum
548 2208 611 2288 est,
634 2206 711 2290 quia
732 2204 818 2285 ferro
841 2205 908 2271 tela
929 2208 1074 2293 paretur,

156 2291 225 2357 Nec
248 2292 373 2356 ratione
397 2292 462 2357 5115
484 2297 622 2377 possunt
644 2296 713 2360 tam
736 2293 821 2359 levia
843 2293 937 2381 gigni

156 2379 272 2445 Insilie
295 2402 332 2445 55
354 2381 434 2465 fusi,
456 2382 552 2467 radii,
576 2382 726 2467 scapique
750 2387 913 2449 sonantes.

91 2484 142 2535 550
156 2468 202 2533 Et
224 2468 329 2535 fecere
353 2473 428 2537 ante
451 2472 538 2538 uiros
561 2472 671 2539 lanam
694 2474 811 2536 natura
833 2471 941 2556 coegit

157 2557 261 2634 Quam
279 2559 436 2626 muliebre
459 2560 576 2646 genus:
599 2582 675 2624 nam
698 2560 795 2644 longe
818 2562 965 2644 praestat
985 2559 1021 2629 in
1039 2564 1109 2627 arte

157 2647 202 2711 Et
225 2647 387 2714 sollertius
411 2651 461 2715 est
483 2650 587 2714 multo
612 2670 713 2734 genus
738 2668 832 2714 omne
855 2647 962 2732 virile;
1012 2672 1018 2680 ·

157 2735 330 2819 Agricolae
354 2736 456 2803 donec
479 2738 560 2803 vitio
583 2741 709 2802 vertere
734 2737 849 2821 severi,

157 2822 203 2888 Vt
225 2823 437 2889 muliebribus
460 2824 494 2890 id
518 2825 667 2891 manibus
691 2826 865 2892 concedere
889 2825 1010 2890 vellent

90 2926 142 2978 555
157 2910 265 2996 Atque
289 2913 352 2996 ipsi
374 2913 496 2997 pariter
519 2913 634 2979 durum
658 2915 791 2980 sufferre
814 2914 976 2998 laborem,

157 3000 264 3084 Atque
288 3023 384 3086 opere
406 3003 441 3068 in
465 3002 544 3069 duro
569 3003 724 3068 durarent
749 3004 896 3068 membra
919 3024 1109 3088 manusque.

201 3090 247 3152 At
269 3091 431 3172 specimen
454 3092 625 3158 sationis
651 3096 684 3157 et
704 3092 870 3158 insitionis
894 3091 986 3177 origo

155 3175 233 3260 Ipsa
255 3177 320 3241 fuit
342 3201 450 3244 rerum
473 3180 613 3265 primum
637 3184 753 3247 natura
776 3181 929 3264 creatrix,

157 3265 339 3330 Arboribus
364 3268 518 3351 quoniam
541 3270 639 3336 bacae
663 3269 863 3355 glandesque
887 3269 1027 3335 caducae

88 3370 142 3420 570
157 3353 366 3438 Tempestiva
389 3355 512 3423 dabant
533 3359 696 3442 pullorum
720 3359 868 3423 examine
893 3357 1018 3441 subter3

156 3442 249 3508 Vnde
273 3444 371 3510 etiem
395 3445 526 3513 libitum
550 3452 600 3512 est
622 3448 733 3531 stirpis
757 3447 961 3513 committere
984 3447 1086 3519 ramis
