2384 3848
120 193 184 260 108
478 191 526 245 VI,
545 187 774 245 PROPERTIVS

138 355 171 404 85
188 337 251 404 Seu
273 341 384 402 tamen
407 336 576 400 adversum
600 334 733 398 mutarit
755 336 853 399 ianua
876 335 1010 419 leotum,

230 424 355 491 sederit
376 429 410 489 et
432 429 544 489 nostro
567 426 663 487 cauta
684 444 824 488 noverea
845 426 933 507 toro,

187 513 398 599 Coniugium,
420 513 525 596 pueri,
548 510 677 576 laudata
700 514 733 575 et
755 512 837 576 ferte
860 517 1049 594 paternum:

233 601 338 687 Capta
360 602 451 667 dabit
473 601 590 665 vestris
613 599 757 664 moribus
780 601 838 665 illa
860 621 985 665 manus.

185 690 256 756 Neo
278 694 415 756 matrem
439 689 568 753 laudate
591 688 702 751 nimis:
726 689 855 753 conlata
877 688 979 773 priori

138 796 172 845 so
231 779 346 844 Vertet
368 779 404 843 in
427 777 568 843 offensas
590 777 694 841 libera
716 776 815 841 verba
838 799 923 842 suas.

188 867 251 933 Seu
275 889 400 932 memor
413 866 476 934 ,ille
499 887 572 930 mea
595 867 766 930 contentus
789 867 945 930 manserit
967 868 1088 931 umbra

231 955 276 1020 Et
298 957 384 1020 tanti
407 955 529 1019 oineres
553 953 680 1018 duxerit
703 974 773 1017 esse
796 975 899 1038 meos,
1081 952 1083 956 ⁴

185 1044 309 1109 Disoite
333 1047 503 1109 venturam
527 1042 593 1106 iam
616 1062 703 1106 nuno
725 1042 828 1106 lenire
852 1047 1031 1127 senectam,

231 1130 373 1197 Caelibis
397 1131 438 1196 ad
461 1152 554 1195 ouras
576 1151 638 1194 neo
659 1132 752 1194 vacet
774 1131 842 1195 ulla
863 1132 925 1196 via.

137 1235 171 1286 et
187 1220 281 1297 Quod
295 1220 377 1284 mihi
396 1220 575 1284 detractum
590 1221 654 1301 est,
672 1222 798 1284 vestros
814 1220 946 1285 accedat
963 1221 1004 1285 ad
1019 1241 1140 1286 annos:

230 1307 326 1373 Prole
349 1330 422 1373 mea
443 1307 594 1372 Paullum
618 1306 665 1371 sio
687 1307 776 1372 iuret
799 1329 870 1374 esse
893 1330 1011 1374 senem.

185 1397 231 1462 Et
252 1398 334 1463 bene
357 1398 469 1462 habet:
497 1417 674 1480 numquam
697 1399 802 1460 mater
823 1397 975 1481 lugubria
999 1397 1141 1480 sumpsit

232 1484 332 1551 Venit
353 1485 388 1550 in
412 1485 563 1569 exequias
587 1488 658 1550 tota
681 1487 810 1549 caterva
833 1507 930 1550 meas.
1135 1483 1138 1493 ⁴

187 1572 294 1639 Causa
316 1578 468 1657 perorata
491 1577 548 1640 est.
584 1573 699 1637 flentes
722 1594 774 1636 me
798 1574 935 1659 surgite,
957 1576 1074 1659 testes,

120 1677 173 1727 100
231 1661 317 1727 Dum
340 1663 480 1747 pretium
503 1663 589 1726 vitae
613 1665 708 1747 grata
728 1661 877 1745 rependit
897 1661 1026 1727 humus.

185 1748 333 1815 Moribus
356 1755 389 1815 et
411 1750 534 1815 eaelum
557 1750 677 1832 patuit:
702 1750 763 1814 sim
786 1750 887 1835 digna
908 1751 1079 1836 merendo,

232 1836 332 1903 Cuius
354 1837 523 1904 honoratis
547 1859 622 1902 ossa
644 1837 805 1902 vehantur
828 1838 918 1904 avia'
956 1919 959 1924 Ι

520 2071 732 2078 η--ῌ-

414 2245 493 2318 Vll.
536 2251 569 2321 P.
593 2249 731 2333 lindius
754 2250 840 2321 Naso

43 2452 45 2456 Ι
118 2399 143 2438 a.
158 2400 186 2452 p.
196 2380 229 2437 V.
245 2397 268 2436 a.
280 2388 330 2437 711
347 2383 392 2451 (43
412 2400 437 2437 a.
454 2381 516 2437 Chr.
530 2384 570 2452 n.)
590 2383 737 2454 Sulmone,
755 2383 787 2438 in
805 2385 909 2454 oppido
927 2383 1137 2454 Paelignorum,

116 2470 180 2527 loeo
204 2469 326 2540 equestri
348 2472 431 2526 natus
460 2473 511 2527 est.
553 2473 626 2527 Puer
650 2489 667 2526 a
689 2471 770 2542 patre
793 2473 913 2528 Romam
936 2472 1074 2528 deductus
1100 2471 1138 2528 ad

118 2558 212 2614 studia
235 2559 413 2628 eloquentiae
436 2560 568 2628 aooessit,
594 2560 684 2631 magis
707 2563 804 2617 tamen
826 2560 955 2631 poeticae
978 2559 1035 2616 arti
1057 2548 1139 2615 dedi-¹

117 2650 172 2702 tus.
208 2646 371 2703 Muneribus
390 2647 557 2717 quibusdam
580 2647 702 2717 publiois
721 2648 821 2719 gestis,
845 2649 945 2705 itinere
964 2649 1068 2704 deinde
1086 2658 1138 2720 per

118 2733 282 2804 Graeciam,
296 2735 407 2805 Asiam,
426 2733 553 2789 Siciliam
566 2735 654 2804 laeto,
672 2737 770 2791 totum·
780 2753 809 2791 se
821 2736 909 2791 Musis
922 2736 1029 2807 otiique
1042 2753 1135 2794 amoe-

117 2820 202 2878 nitati
229 2821 361 2889 tradidit,
389 2823 590 2878 oonsuetudine
613 2822 861 2893 familiaritateque
885 2841 949 2878 oum
972 2825 1135 2880 clarissimis

117 2911 175 2966 eius
212 2911 317 2966 aetatis
354 2909 445 2979 poetis
480 2909 695 2980 hominibusque
728 2909 938 2967 litteratissimis
969 2913 1136 2969 coniunctus

67 3017 68 3021 ¹
116 2999 248 3069 idemque
267 3000 340 3054 mira
359 2998 457 3069 populi
477 2999 679 3068 approbatione
702 3015 735 3054 ae
757 3000 841 3055 laude
865 3000 1031 3058 celebratus.
1074 3001 1135 3068 Quo

116 3103 150 3141 ex
175 3087 253 3143 felici
279 3105 372 3143 rerum
398 3088 474 3143 statu
504 3087 684 3142 aoerbissime
712 3091 825 3159 ereptus
852 3090 908 3157 est,
941 3089 977 3144 ab
1006 3090 1134 3162 Angusto

116 3174 230 3243 Tomos,
258 3174 289 3229 in
311 3192 390 3230 oram
412 3176 582 3231 maritimam
605 3176 741 3246 Moesiae,
770 3178 912 3248 relegatus
936 3178 1082 3250 (7776719
1107 3196 1132 3247 p.

117 3263 179 3320 Chr.
195 3266 246 3334 n.):
266 3264 322 3318 duo
340 3261 471 3333 erimina,
491 3279 603 3319 carmen
621 3266 650 3320 st
668 3282 804 3334 errorem,
823 3284 853 3321 sa
867 3265 1023 3336 perdidisse
1037 3267 1134 3322 obseu-

115 3355 173 3409 rius
201 3353 262 3423 ipse
291 3350 470 3423 significavit.
511 3355 543 3407 In
567 3353 665 3422 exilio,
690 3372 754 3410 oum
780 3355 885 3410 frustm
907 3356 1043 3426 Augusti,
1075 3358 1134 3410 tum

116 3441 221 3498 Tiberii
239 3440 459 3496 misericordiam
478 3441 671 3513 implorasset,
690 3460 715 3500 a.
727 3444 832 3514 wollt
848 3462 875 3514 p.
886 3443 950 3500 Chr.
964 3464 991 3499 n.
1008 3445 1134 3500 mortuus
