2384 3848
88 205 128 260 IV
492 205 699 261 PRAEFATIO

89 372 201 415 eorum
233 351 412 416 carminum
445 350 636 415 Latinorum
673 351 866 415 edendorum
900 352 1105 434 susciperem.

88 436 189 504 Nolui
212 438 281 504 viro
305 440 426 592 optime
450 439 489 503 de
513 460 566 503 me
587 438 703 503 merito
720 439 875 504 invitanti
893 440 1028 504 hortant
1014 441 1104 524 tique

89 527 199 592 deesse
223 528 356 612 atque
346 531 394 592 rta
415 531 485 591 rem
507 531 575 592 tam
601 527 778 592 honorifice
807 528 887 591 mihi
916 528 1104 592 mandatam

90 615 276 700 adgressae,
299 616 385 681 illo'
376 637 448 700 rpso
466 616 699 680 humanissime
718 616 1030 701 prudentissimeque
1049 617 1104 729 ad-

91 705 236 789 iuvante,
259 708 426 769 exsecutus
451 727 531 769 sum

155 791 319 876 Atquet
281 816 303 857 u
333 814 469 877 quorum
487 794 657 875 poetarum
679 792 822 856 earmina
840 793 993 877 elegerim
1008 815 1104 877 expo

89 902 179 963 nam,
201 881 264 946 hoc
287 881 483 963 monendum
507 883 570 964 est,
597 901 670 944 cum
693 881 727 943 in
752 882 933 965 gymnasiis·
949 880 1104 946 Badensi-

87 968 149 1034 bus
163 969 363 1034 Tirocinium
377 969 539 1053 poeticum
554 969 640 1053 quod
655 968 755 1033 edidit
769 967 904 1034 Siebelis
923 971 958 1033 in
976 993 1037 1035 usu
1053 971 1105 1049 sit,

87 1057 169 1121 nihil
185 1058 271 1142 quod
284 1057 341 1122 illo
356 1057 466 1123 libello
481 1057 683 1122 contineatur
697 1057 731 1121 in
744 1057 806 1122 hoc
819 1059 966 1122 inveniri.
989 1058 1104 1143 Itaque

87 1143 270 1210 Phaedrum
292 1146 389 1230 plane
413 1146 521 1228 omisi,
549 1144 655 1211 Ovidii
680 1149 801 1228 autem,
834 1147 987 1230 quoniam
1003 1147 1104 1227 Ι11111111
1137 1194 1139 1200 ‚

87 1233 153 1298 loci
166 1233 340 1299 Fastorum
363 1235 562 1319 aliorumque
586 1233 763 1317 elegiarum
786 1234 944 1299 librorum
967 1236 1001 1299 in
1016 1235 1106 1300 Tiro·

87 1321 172 1387 cinio
195 1322 363 1408 leguntur,
385 1323 461 1388 libri
485 1325 594 1387 autem
617 1321 923 1408 Metamorphoseon
946 1324 980 1386 in
1004 1324 1105 1387 mani-

86 1410 147 1476 bus
170 1411 399 1495 discipulornm
424 1414 512 1494 sunt,
534 1432 638 1495 pauca
660 1410 714 1476 hic
737 1412 881 1476 carmina
905 1412 1045 1476 exhibui.

153 1499 287 1565 Initium
309 1500 425 1565 harum
441 1499 639 1585 Eclogarum
661 1520 765 1584 pauca
782 1499 967 1584 fragmenta
985 1500 1106 1564 Ennii

90 1587 135 1675 (Ι)
164 1592 197 1654 11
219 1588 361 1653 Lucilii
385 1586 446 1674 (II)
469 1588 606 1653 faciunt:
635 1610 717 1672 quae
744 1589 834 1652 nulla
857 1587 922 1652 alia
945 1589 983 1652 de
1007 1611 1105 1674 causa

88 1676 218 1759 admisi,
249 1677 314 1741 nisi
342 1699 405 1761 quo
433 1677 576 1759 facilius,
604 1679 680 1760 quia
706 1676 740 1740 in
763 1675 910 1762 Vergilio
937 1677 1039 1760 illius,
1070 1678 1104 1740 in

90 1766 208 1831 saturis
240 1764 370 1830 Horatii
400 1764 578 1829 tractandis
594 1765 705 1828 huius
738 1767 1000 1831 commemoratio
1036 1765 1106 1829 lieri

91 1855 187 1938 solet,
205 1853 331 1919 indoles
351 1857 446 1938 atque
466 1876 518 1918 ars
537 1853 706 1936 utriusque
724 1856 840 1936 poetae
860 1854 984 1918 idoneis
1003 1875 1106 1917 exem·

92 1944 156 2027 plis
181 1942 413 2026 discipulorum
436 1943 537 2008 oculis
560 1942 737 2027 propositis
761 1946 1017 2027 cognosceretur.

156 2030 328 2096 Lucretii
347 2028 425 2117 (III)
444 2031 560 2096 deinde
578 2052 646 2096 non
666 2030 772 2096 solum
792 2031 957 2114 decerptos
976 2030 1106 2114 aliquos

88 2121 185 2185 flores
209 2121 354 2204 poeticos
378 2119 506 2203 offerre,
529 2120 584 2184 sed
604 2119 703 2183 etiam
724 2120 918 2184 severiorem
937 2119 1106 2184 ostendere

90 2207 219 2273 Musam
248 2210 397 2310 oportere
425 2207 506 2272 mihi
532 2206 710 2272 videbatur.
761 2206 875 2291 Itaque
897 2208 986 2273 locos
1011 2229 1106 2291 quos-

90 2296 167 2361 dam
194 2297 352 2381 gravioris
381 2296 565 2381 argumenti
592 2295 783 2380 quodque
773 2318 808 2359 1n
836 2296 1107 2362 reconditioribus

88 2383 330 2486 philosophiae
341 2384 489 2469 partibus
512 2387 661 2456 versatur
687 2385 830 2468 recipere
857 2406 924 2450 non
946 2385 1107 2449 dubitavi.

71 2472 147 2558 *qui
169 2473 279 2538 nescio
308 2494 351 2537 an
369 2472 556 2538 disserendi
584 2472 894 2558 argumentandique
923 2472 1105 2537 subtilitate

65 2643 68 2646 ᾖ
90 2561 197 2646 magis
216 2584 314 2647 qnam
329 2558 493 2627 Ciceronis
512 2561 588 2625 libri
608 2561 647 2625 de
666 2561 873 2645 philosophia
892 2562 1018 2645 scripti,
1037 2562 1107 2646 qui-

89 2650 165 2715 bus?
175 2650 241 2715 alia
264 2649 424 2734 quaedam
445 2653 495 2726 est
516 2651 600 2731 laus,
630 2649 669 2713 ad
693 2649 889 2714 adolescent
864 2653 947 2714 1111111
974 2650 1107 2734 ingenia

91 2739 237 2804 acuenda
260 2739 487 2822 constantique
510 2734 677 2823 cogitandi
704 2736 831 2803 ratione
854 2737 1030 2802 imbuenda
1052 2761 1117 2802 va*

70 2845 81 2900 1,
89 2827 193 2907 leant,
225 2831 394 2910 praeterea
420 2826 460 2891 ad
488 2830 632 2892 veterum
664 2825 907 2910 philosophiam
940 2827 1106 2910 discipulis

91 2913 469 2984 adumbrandamfhand
502 2929 621 2998 parvae
657 2935 727 2979 csse
763 2915 915 2979 utilitatis
948 2915 1106 2980 videntur.

90 3002 251 3069 Ceterumx
270 3004 305 3068 in
329 3003 526 3068 carminibus
549 3003 702 3087 Lucretii,
729 3004 785 3068 ubi
813 3026 894 3088 opus
922 3026 992 3069 esse
1020 3004 1105 3069 vide-

90 3092 199 3175 batur,
222 3112 286 3175 quo
309 3091 425 3156 melius
450 3114 576 3157 summa
595 3092 746 3176 cuiusque
764 3093 868 3176 partis
891 3093 1052 3157 sententia
1074 3095 1108 3156 11

90 3200 193 3245 nexus
226 3200 264 3243 ac
294 3199 485 3265 progressus
521 3181 756 3246 sententiarum
787 3181 1035 3265 perspiceretur,
1074 3185 1108 3245 et

93 3269 193 3333 verba
216 3289 271 3333 eas
295 3269 473 3333 sententias
498 3271 702 3336 ostendentia
725 3270 887 3335 distractis
910 3270 1028 3335 litteris
1049 3292 1106 3335 no-

88 3359 161 3423 tata
189 3360 223 3422 et
248 3357 395 3442 singulae
423 3360 600 3424 carminum
627 3362 737 3444 partes
752 3360 908 3424 ¹numeris
933 3358 1106 3444 adscriptis

90 3446 270 3531 spatiisque
288 3445 465 3512 interiectis
490 3448 660 3514 distinctae
683 3451 768 3513 sunt.
895 3502 897 3508 Α
