2384 3848
436 180 485 236 111.
505 179 708 236 chuurrvs
1033 182 1076 247 41

60 324 185 391 2201111
206 291 417 409 inprudentes
439 325 505 410 ipsi
528 325 591 390 sibi
615 347 711 409 saepe
733 347 893 390 venenum

131 412 336 499 Vergebant,
359 435 446 479 nunc
468 413 549 478 dant
571 414 643 478 aliis
668 412 860 500 sollertiu(s)
883 436 1023 481 caecum.

60 588 113 658 Ill
177 589 256 655 Inde
270 611 363 655 casas
376 593 549 675 postquam
566 612 603 655 ac
616 591 710 674 pellis
728 592 899 676 ignemque
914 595 1081 678 pararunt,

132 678 177 743 Et
199 679 315 744 mulier
338 679 512 744 coniuncte
534 679 604 744 viro
628 680 789 744 concessit
811 680 846 744 in
867 702 968 745 unum

135 764 345 852 Coniugium,
366 768 554 851 prolemque
578 789 616 832 ex
640 790 674 833 se
696 768 804 833 videre
828 772 984 852 creatam,

60 856 226 923 225Tum
259 876 378 942 genus
414 855 619 920 humanum
654 857 817 940 primum
853 858 1079 923 mollescere

806 948 947 1028 coepit.

135 1031 227 1116 Ignis
251 1031 337 1096 enim
361 1033 485 1098 curavit
507 1037 544 1097 ut
566 1033 647 1097 alsia
670 1055 807 1117 corpora
828 1033 932 1119 frigus
969 1031 972 1037 ’

132 1119 210 1185 Non
232 1120 286 1185 ita.
302 1121 367 1184 iam
388 1123 524 1204 possent
546 1121 627 1186 caeli
650 1122 710 1187 sub
733 1122 876 1208 tegmine
899 1122 997 1202 ferre,

14 1276 17 1281 ,
132 1208 179 1274 Et
199 1206 312 1274 Venus
335 1209 489 1275 inminuit
511 1209 602 1292 viris,
625 1211 779 1296 puerique
802 1215 972 1295 parentum

130 1294 307 1361 Blanditiis
328 1297 424 1363 facile
447 1297 615 1382 ingenium
637 1299 762 1384 fregere
784 1299 967 1385 superbum.

58 1402 116 1452 230
133 1384 225 1450 Tunc
239 1388 272 1450 et
285 1385 495 1451 amicitiem
514 1391 725 1471 coeperunt
742 1389 903 1473 iungere
920 1392 1079 1453 aventes

130 1471 309 1538 Finitimi
330 1475 416 1538 inter
440 1496 475 1539 se
496 1496 557 1539 nee
578 1475 704 1540 laedere
726 1475 937 1559 necuiolari,

132 1561 179 1627 Et
200 1582 319 1645 pueros
342 1563 609 1629 commendarunt
631 1563 849 1646 muliebreque
873 1563 1028 1647 saeclum,

134 1648 277 1715 Vocibus
301 1653 335 1715 et
358 1654 453 1736 gestu
476 1673 549 1716 cum
571 1653 666 1717 balbe
690 1651 910 1737 significarent

132 1737 363 1805 Inbecillorum
387 1761 456 1804 esse
480 1762 619 1824 aequum
642 1741 822 1806 misererier
844 1740 959 1805 omnis.

60 1843 117 1894 221
132 1824 202 1892 Ν20
225 1830 336 1892 12111011
359 1828 553 1895 omnimodis
577 1833 706 1914 poterat
728 1829 898 1894 concordia
921 1829 1028 1914 gigni,

133 1913 196 1981 sed
219 1915 305 1980 bona
327 1937 509 2003 magnaque
532 1939 608 2001 pars
632 1917 783 1982 servabat
804 1917 935 1983 foedera
957 1920 1068 1983 222101

131 2003 202 2069 Aut
210 2025 314 2089 genus
322 2003 501 2071 humanum
515 2006 580 2071 iam
590 2010 660 2070 tum
669 2005 857 2070 foretomne
867 2008 1084 2089 peremptum,

131 2091 202 2160 Nec
224 2093 385 2176 potuisset
408 2094 513 2159 adhue
535 2093 706 2178 perducere
730 2093 835 2157 120012
857 2114 1012 2177 propago.

176 2181 222 2246 At
240 2181 347 2247 varios
371 2182 529 2267 linguae
552 2181 704 2246 sonitus
726 2184 844 2251 natura
867 2181 995 2267 subegit

63 2287 118 2338 240
133 2269 278 2354 Mittere,
302 2273 335 2334 et
357 2270 482 2335 utilitas
506 2271 663 2354 expressit
684 2270 818 2334 nomina
839 2292 960 2352 rerum,

132 2357 209 2425 Non
233 2359 297 2423 alia
318 2359 417 2443 longe
440 2358 565 2423 ratione
589 2362 684 2442 atque
708 2359 779 2442 ipsa
801 2357 930 2422 videtur

133 2445 326 2513 Protrahere
349 2446 391 2511 ad
415 2450 542 2532 gestum
565 2468 682 2530 pueros
704 2445 843 2511 infantia
865 2447 1009 2531 linguae,

134 2532 216 2600 Cum
234 2533 315 2598 facit
332 2538 368 2600 ut
387 2535 489 2620 digito
504 2556 586 2618 quae
605 2535 673 2599 sint
689 2534 874 2616 praesentia
890 2536 1082 2599 monstrent

135 2621 243 2689 Sentit
266 2623 352 2687 enim
374 2623 441 2688 rim
464 2624 597 2707 quisque
621 2644 712 2687 suam
734 2617 841 2706 quodd
859 2622 963 2705 possit
981 2621 1082 2686 abuti

63 2728 119 2778 245
134 2709 265 2777 Cornua
284 2714 364 2776 nata
386 2713 476 2796 prius
498 2712 602 2777 vitulo
626 2732 724 2796 quam
751 2710 913 2776 frontibus
939 2712 1085 2795 exstent,

132 2799 203 2865 Illis
226 2799 330 2864 iratus
353 2801 437 2883 petit
461 2803 558 2884 atque
581 2799 720 2864 infestus
743 2800 883 2884 inurget.

134 2887 181 2952 At
203 2887 303 2952 eatuli
325 2888 558 2971 pantherarum
582 2888 767 2972 scymnique
792 2887 922 2951 leonum

133 2975 307 3062 Vnguibus
323 2997 361 3041 ac
373 2976 509 3059 pedibus
528 2977 594 3041 iam
608 2980 678 3041 tum
697 2997 869 3059 morsuque
887 2978 1086 3060 repugnant,

133 3062 199 3129 Vix
222 3064 322 3129 etiam
346 3086 419 3129 cum
443 3068 520 3130 sunt
543 3063 652 3129 dentes
675 3084 862 3148 unguesque
886 3064 993 3128 creati.

64 3167 119 3219 200
134 3152 402 3236 Alituum-porro
427 3175 529 3240 genus
553 3153 614 3217 alis
638 3173 732 3217 omne
755 3152 899 3217 videmus

132 3239 246 3307 Fidere
270 3244 303 3306 et
326 3263 346 3306 a
367 3242 476 3326 pinnis
498 3241 674 3306 tremulum
696 3243 804 3324 petere
828 3240 1030 3305 auxiliatum.

133 3327 274 3397 Proinde
296 3332 411 3414 putare
435 3330 575 3414 aliquem
598 3331 669 3393 tum
690 3330 823 3394 nomina
845 3326 1051 3392 distribuisse
1110 3391 1112 3394 .

132 3416 258 3502 Rebus,
286 3423 320 3483 et
341 3419 416 3483 inde
439 3419 588 3484 homines
612 3416 761 3485 didicisse
784 3416 942 3483 vocabula
965 3414 1084 3501 prima,
