2384 3848
409 205 483 261 vul.
502 205 703 263 ulamma
1000 210 1065 276 125

454 352 504 416 11.
535 350 585 436 (II
606 351 664 440 ao.)

210 455 242 508 In
260 454 404 509 hominem
423 453 522 510 alienia
541 455 709 511 earminibus
727 455 904 526 gloriantem.

117 546 271 614 Carmina
293 545 412 611 Paulus
436 546 529 630 emit,
551 547 668 612 recitat
691 570 749 612 sua
772 548 917 612 earmina
935 546 1065 614 Paulus.

161 635 247 701 Nam
270 635 356 720 quod
380 656 482 718 emas,
504 635 611 719 possis
633 636 703 700 iure
725 657 841 702 vocare
862 640 964 702 tuum.

445 796 495 859 12.
529 793 593 880 (111
615 791 674 880 a.)

394 898 440 952 Ad
458 897 532 952 male
551 890 722 964 recitantem.

116 991 251 1076 Fugerit
274 1012 314 1054 an
338 988 489 1054 Phoebus
513 1010 643 1054 mensas
667 1011 841 1075 cenamque
864 990 1026 1076 Thyestae

161 1080 296 1163 Ignoro:
319 1077 462 1164 fugimus
485 1099 559 1160 nos,
582 1076 751 1162 Ligurine,
774 1082 874 1143 tuam.

119 1168 182 1233 Illa
200 1166 327 1250 quidem
348 1167 440 1233 lauta
453 1169 503 1231 est
517 1165 717 1251 dapibusque
730 1168 891 1233 instructa
905 1171 1067 1253 superbis,

165 1256 228 1321 Sed
251 1255 333 1320 nihil
356 1255 489 1320 omnino
513 1259 545 1319 te
568 1255 724 1320 recitante
746 1258 862 1340 placet.

88 1344 206 1410 oNolo
230 1343 312 1408 mihi
334 1365 436 1428 ponas
460 1343 616 1409 rhombos
638 1344 813 1411 mullumve
836 1345 999 1430 bilibrem,

162 1431 232 1498 Nee
254 1433 330 1497 volo
352 1433 492 1513 boletos,
516 1436 624 1496 ostrea
646 1433 736 1497 nolo:
758 1435 839 1498 taoe.
934 1484 937 1490 Δ

440 1590 490 1655 13.
523 1587 586 1676 (IV
609 1586 668 1674 41¹.)

507 1692 612 1748 Simile.

120 1784 203 1861 Quid
225 1786 418 1850 recitaturus
442 1787 620 1853 circumdas
643 1785 764 1849 vellera
787 1785 893 1851 eollo?

166 1871 371 1939 Conveniunt
393 1875 515 1971 nostriq
539 1876 671 1940 auribus
693 1874 759 1940 ista
780 1875 894 1958 magis.

441 2003 496 2096 14.
532 2030 596 2117 (ΠΙ
617 2030 676 2118 a.)

377 2137 409 2191 In
427 2136 575 2205 loquaoem
592 2134 742 2191 hominem.

121 2227 250 2294 Sirenas
272 2229 410 2293 hilarem
431 2228 656 2314 navigantium
679 2248 818 2312 poenam

71 2382 75 2389 ,
120 2315 326 2401 Blandasque
349 2320 469 2381 mortes
493 2317 709 2400 gaudiumque
732 2316 871 2400 crudele,

120 2404 209 2481 Quas
230 2425 326 2470 nemo
350 2403 512 2490 quondam
535 2404 704 2469 deserebat
727 2404 867 2488 auditas,

119 2492 232 2558 Fallax
254 2491 367 2558 Vlixes
390 2492 507 2557 dieitur
528 2491 706 2577 reliquisse.

90 2580 198 2646 oNon
221 2581 333 2646 miror:
357 2581 450 2664 illud,
473 2578 642 2664 Cassiano,
665 2581 814 2664 mirarer,

122 2668 156 2735 Si
178 2669 381 2735 fabulantem
405 2667 544 2736 Canium
566 2669 757 2753 reliquisset.
893 2686 896 2691 ·

391 2842 392 2847 ’
446 2829 496 2894 15.
529 2826 561 2915 (Ι
584 2828 641 2915 aa.)

436 2931 481 2986 Ad
499 2932 682 2989 adulatorem.

121 3021 235 3088 Garris
257 3023 292 3087 in
316 3044 426 3088 aurem
450 3045 577 3108 semper
599 3022 762 3107 omnibus,
787 3021 906 3107 Cinna,

122 3111 235 3177 Garris
258 3115 292 3177 et
313 3111 395 3178 illud
418 3115 502 3177 teste
525 3112 612 3198 quod
633 3112 711 3177 lieet
732 3111 836 3178 turba.

121 3200 220 3266 Rides
243 3201 278 3265 in
300 3223 425 3286 aurem,
449 3201 606 3286 quereris,
630 3199 752 3285 arguis,
774 3200 899 3285 ploras,

121 3287 243 3354 Cantas
266 3289 301 3352 in
325 3311 447 3374 aurem,
470 3290 606 3373 iudicas,
629 3293 730 3368 taces,
753 3290 888 3374 clamas,

92 3377 278 3460 oAdeoque
301 3379 431 3462 penitus
455 3378 540 3443 sedit
560 3378 614 3444 hie
635 3378 698 3442 tibi
719 3379 864 3458 morbus,

121 3463 168 3529 Ut
190 3486 286 3549 saepe
307 3467 342 3529 in
364 3487 486 3552 aurem,
511 3465 628 3552 Cinna,
651 3464 823 3533 Gaesarem
845 3467 966 3533 laudes.
