2384 3848
420 193 468 249 m.
487 191 683 248 rvvrumm
994 181 1059 254 '135

110 338 298 422 Percussae,
320 337 470 423 Bellona,
493 342 550 402 tuo
574 337 698 402 divinat
721 340 754 402 et
777 336 908 421 ‘ingens

111 427 214 493 Omen
236 426 350 492 habes'
374 428 481 512 inquit
503 425 627 511 ‘magni
650 426 791 510 clarique
814 426 982 510 triumphi.

65 532 100 582 ec
113 515 236 602 Regem
258 517 398 602 aliquem
422 515 544 599 capies,
568 518 625 579 aut
647 515 686 579 de
708 518 837 579 temone
860 514 1017 579 Britanno

113 605 248 670 Excidet
269 605 463 690 Aruiragus:
486 603 658 687 peregrina
682 607 731 668 est
753 603 862 668 belua:
886 604 990 669 cernis

112 693 246 759 Erectus
269 695 305 758 in
327 697 420 783 terga
443 689 578 765 uudesl'
614 691 677 763 hoc
700 691 801 763 defuit
822 713 922 756 unum

112 782 275 867 Fabrici0,
303 782 443 865 patriam
466 783 503 844 ut
525 779 654 845 rhombi
677 784 871 845 memoraret
894 783 926 844 et
949 803 1061 848 annos.

114 869 285 949 ‘Quidnam
302 871 404 956 iffl'tur
417 868 551 934 censes?
574 867 785 934 conciditur?
814 867 923 934 ‘Absit
942 870 1059 935 abillo

66 975 101 1026 ut
113 959 261 1025 Dedecus
283 957 376 1025 hocl'
408 957 584 1029 Montanus
608 956 657 1024 ait,
677 956 775 1022 ‘testa
797 957 866 1029 alta
886 961 1026 1044 paretur,
1082 1038 1085 1042 Ι

115 1047 203 1124 Quae
225 1047 317 1112 tenui
341 1069 433 1112 muro
457 1046 635 1129 spatiosum
659 1045 794 1131 colligat
816 1044 938 1117 orbem·
1151 1052 1154 1056 ’

114 1135 259 1202 Debetur
281 1156 420 1223 magnus
443 1136 574 1221 patinae
599 1134 789 1221 subitusque
812 1134 1038 1203 Prometheus:

114 1225 275 1310 Argillam
299 1227 395 1310 atque
418 1227 525 1290 rotam
543 1223 638 1288 citius
656 1225 843 1311 properate!
868 1223 924 1288 sed
942 1247 982 1289 ex
999 1225 1061 1290 hoc

114 1315 272 1398 Tempore
294 1313 375 1396 iam,
398 1310 530 1396 Caesar,
553 1312 645 1398 figuli
663 1316 721 1380 tua
740 1317 848 1382 castra
866 1311 1061 1397 sequantur?

48 1419 99 1468 100
113 1402 203 1467 Vicit
225 1402 326 1487 digna
348 1401 418 1466 viro
442 1401 618 1466 sententia:
645 1405 781 1469 noverat
802 1400 857 1465 ille

113 1491 291 1556 Luxuriam
312 1489 440 1574 imperii
461 1492 602 1554 veterem
624 1491 798 1573 noctesque
820 1488 959 1556 Neronis

114 1580 185 1644 Iam
208 1578 330 1644 medias
354 1579 516 1663 aliamque
537 1578 672 1662 famem,
695 1598 768 1642 cum
790 1578 902 1662 pulmo
922 1576 1060 1644 Falerno

116 1668 261 1735 Arderet.
297 1666 381 1732 nulli
404 1667 507 1732 maior
529 1666 592 1731 fuit
614 1688 691 1731 usus
714 1666 828 1732 edendi

114 1756 323 1840 Tempestate
346 1777 431 1819 mea:
455 1753 576 1820 (lirceis
598 1757 677 1819 nata
699 1755 809 1821 forent
831 1777 875 1820 an

50 1860 101 1910 105
115 1843 289 1910 Lucrinum
313 1843 354 1909 ad
378 1865 491 1908 saxum
513 1843 722 1929 Rutupinove
745 1844 833 1913 edita
855 1844 956 1914 fundo
1045 1921 1048 1925 y

116 1931 244 2017 Ostrea,
269 1932 409 1997 callebat
431 1933 537 2016 primo
562 1931 757 2015 deprendere
779 1955 903 2015 morsu,

115 2021 161 2086 ut
185 2021 284 2086 semel
307 2020 453 2104 adspecti
474 2020 554 2085 litus
578 2018 705 2089 dicebat
727 2021 842 2086 echini.

117 2109 281 2195 Surgitur,
304 2112 337 2174 et
360 2109 460 2174 misso
483 2130 632 2192 proceres
656 2108 741 2174 exire
764 2109 916 2175 iubentur

62 2276 64 2283 ,
118 2197 276 2282 Consilio,
299 2219 381 2282 quos
403 2196 568 2269 Albanam
591 2198 655 2263 dux
677 2218 815 2284 magnus
838 2197 873 2262 in
894 2220 1002 2264 arcem
1047 2265 1049 2269 ,

51 2304 103 2352 110
118 2286 275 2352 Traxerat
297 2286 456 2351 attonitos
480 2289 513 2350 et
534 2285 687 2353 festinare
710 2290 853 2372 coactos,

116 2375 296 2460 Tamquam
319 2375 358 2439 de
382 2372 510 2443 Chattis
539 2373 662 2458 aliquid
691 2375 856 2460 torvisque
880 2372 1063 2458 Sycambris

116 2464 283 2547 Dicturus,
305 2466 472 2547 tamquam
496 2466 529 2526 et
551 2461 686 2526 diversis
708 2463 855 2545 partibus
878 2463 966 2528 orbis

117 2552 225 2617 Anxia
246 2551 416 2636 praecipiti
438 2552 581 2616 venisset
604 2550 745 2634 epistula
767 2551 876 2635 pinna.

163 2642 270 2725 Atque
293 2640 418 2704 utinam
440 2639 491 2704 his
514 2638 623 2724 potius
645 2639 742 2724 nugis
760 2642 831 2704 tota
847 2639 907 2704 illa
925 2639 1066 2705 dedisset

53 2746 103 2795 115
118 2730 279 2813 Tempora
302 2728 467 2812 saevitiae,
490 2728 596 2795 oleras
619 2727 736 2812 quibus
760 2727 896 2793 abstulit
915 2727 998 2793 Vrbi

118 2818 332 2903 Illustresque
356 2817 480 2882 animas
504 2816 636 2900 impune
660 2820 693 2882 et
715 2816 841 2885 vindice
864 2816 969 2882 nullo!

118 2906 181 2972 Sed
203 2905 313 2991 periit,
335 2908 508 2990 postquam
531 2905 722 2970 cerdonibus
746 2927 816 2972 esse
838 2904 1001 2971 timendus

118 2994 292 3079 Coeperat:
316 2995 377 3060 hoc
400 2994 512 3058 nocuit
534 2993 719 3058 Lamiarum
743 2993 838 3059 caede
862 2993 1013 3060 madenti.

454 3263 666 3284 ---4.-.-.-
