2384 3848
466 187 526 244 Vll.
546 185 695 242 OVIDIVS

186 333 249 398 Pro
273 332 378 417 patrio
402 333 491 396 oultu
513 332 642 398 Persica
663 333 762 398 braoa
784 333 874 418 tegit.

92 439 127 489 35
141 422 304 487 Exercent
325 421 376 485 illi
399 421 505 486 sooiae
529 422 721 487 commercia
743 422 888 506 linguae:

187 510 249 576 Per
272 514 400 594 gestum
423 531 475 574 res
498 512 548 574 est
571 509 784 594 significanda
807 510 897 576 mihi

142 599 308 665 Barbarus
331 598 384 662 hio
408 617 468 682 ego
492 620 563 662 sum
568 599 676 684 ,quia
699 620 766 664 non
788 598 962 684 intellegor
984 599 1054 684 ulli,

188 687 234 753 Et
254 686 363 752 rident
386 686 495 751 stolidi
518 687 617 752 verba
639 686 759 752 Latina
782 685 892 751 Getae.

141 775 257 860 Meque
279 777 386 860 palam
411 774 450 839 de
473 797 525 839 me
548 778 620 839 tuto
645 777 732 840 mala
754 776 850 860 saepe
872 777 1061 861 loquuntur,

92 882 128 930 40
187 864 340 930 Forsitan
363 863 508 928 obiciunt
531 864 724 948 exiliumque
747 864 836 928 mihi.

141 952 251 1038 thue
274 953 324 1035 fit,
346 952 382 1016 in
404 973 456 1016 me
479 951 615 1036 aliquid,
639 952 667 1016 si
691 953 769 1038 quid
792 952 971 1017 dicentibus
993 952 1058 1015 illis

186 1042 366 1106 Abnuerim
389 1041 538 1125 quotiens
562 1039 805 1125 adnuerimque,
829 1043 971 1124 putant.-

142 1129 249 1215 Adde,
271 1130 356 1214 quod
380 1129 537 1193 iniustum
559 1129 664 1214 rigido
688 1130 739 1194 ius
763 1129 881 1194 dieitur
903 1150 993 1213 ense,

186 1217 314 1284 Dantur
336 1222 369 1282 et
390 1217 426 1281 in
448 1217 554 1282 medio
576 1218 710 1283 volnera
734 1240 829 1302 saepe
852 1218 931 1282 foro.

91 1306 169 1372 450
193 1307 308 1372 duram
330 1305 506 1390 Lachesin,
528 1328 610 1391 quae
632 1309 701 1370 tam
724 1327 822 1391 grave
846 1306 934 1370 sidus
957 1304 1091 1369 habenti

186 1394 259 1460 Fila
281 1395 369 1459 dedit
390 1395 478 1459 vitae
499 1415 566 1459 non
589 1395 739 1459 breviora
760 1397 864 1459 meael

144 1483 235 1561 Quod
257 1484 384 1568 patriae
407 1483 498 1548 voltu
520 1487 692 1566 vestroque
715 1503 875 1566 caremus,
898 1483 1006 1565 amici,

186 1572 295 1657 Atque
317 1572 371 1636 hie
394 1571 430 1635 in
453 1569 612 1655 Soythiais
636 1572 786 1656 gentibus
810 1592 881 1636 esse
905 1591 1030 1655 queror.

141 1660 287 1744 Vtraque
309 1681 416 1745 poena
439 1661 560 1745 gravis:
586 1660 689 1724 merui
710 1663 821 1724 tamen
834 1658 930 1724 Vrbe.
947 1679 1068 1742 carere,

92 1766 127 1816 50
186 1747 263 1816 Non
285 1748 389 1813 merui
411 1747 472 1812 tali
494 1748 635 1813 forsitan
657 1769 727 1814 esse
750 1749 832 1814 loeo.
956 1795 960 1803 -

142 1838 226 1916 Quid
235 1839 352 1923 loquor
366 1837 400 1902 al
415 1837 568 1901 demens?
580 1837 686 1921 ipsam
698 1858 824 1921 quoque
835 1837 967 1922 perdere
977 1837 1090 1920 vitam,

187 1925 336 1993 (laeseris
361 1925 485 1991 offenso
507 1925 653 2009 numine,
677 1924 793 2011 dignus
817 1947 914 1990 eram.
940 1956 953 1979 ·

381 2139 412 2207 4.
445 2136 591 2223 (TristI
615 2134 785 2223 o,1-44.)

429 2260 474 2314 Ad
492 2260 578 2314 fidum
598 2260 727 2314 amicum.

141 2368 168 2434 Ο
192 2368 273 2432 mihi
294 2370 370 2451 post
392 2368 476 2434 ullos
498 2388 676 2452 numquam
698 2366 904 2432 memorande
928 2367 1054 2432 sodales

186 2455 231 2521 Et
253 2458 305 2521 aui
327 2457 498 2540 praecipue
522 2478 592 2521 sors
615 2477 688 2520 mea
709 2455 781 2519 visa
803 2475 863 2518 sua
886 2457 947 2519 est!

142 2545 332 2611 Attonitum
355 2545 410 2629 qui
432 2566 484 2608 me
508 2541 670 2630 (memini)
694 2543 871 2625 aerissime,
894 2542 1018 2626 primus

185 2633 294 2698 Ausus
318 2654 352 2697 es
376 2633 529 2717 adloquio
553 2633 747 2697 sustinuisse
769 2636 841 2714 tuo,

108 2722 204 2799 noui
227 2721 308 2787 mihi
332 2722 502 2787 eonsilium
524 2720 653 2786 vivendi
675 2721 755 2786 mite
779 2719 910 2804 dedisti,

185 2809 266 2877 (lum
289 2810 376 2875 foret
397 2811 433 2874 in
455 2810 573 2875 misero
597 2813 727 2893 pectore
749 2810 865 2876 mortis
889 2830 989 2873 amor.

140 2898 210 2964 Seis
233 2901 332 2982 bene,
356 2899 407 2964 oui
430 2899 548 2982 dicam,
571 2898 687 2983 positis
710 2920 769 2982 pro
792 2899 925 2964 nomine
948 2896 1065 2983 signis,

186 2986 338 3052 Officium
360 3009 420 3053 nea
442 2989 476 3050 te
498 2986 596 3071 fallit,
619 2987 735 3068 amice,
757 2991 858 3052 tuum.

144 3075 235 3142 Haeo
257 3075 339 3140 mihi
362 3096 489 3159 semper
512 3079 606 3139 erunt
627 3075 702 3138 imis
726 3073 826 3139 infixa
847 3075 1010 3160 medullis,

96 3181 131 3230 10
191 3163 432 3249 Perpetuaeque
456 3164 581 3228 animae
606 3163 734 3228 debitor
753 3161 851 3228 huius
874 3185 942 3230 ero:

147 3252 288 3338 Spiritus
312 3257 345 3317 et
366 3273 486 3317 vacuas
508 3251 598 3335 prius
621 3251 674 3316 hio
696 3252 879 3317 tenuandus
902 3254 936 3317 in
959 3274 1053 3317 auras

183 3341 263 3427 Ibit,
289 3343 322 3405 et
343 3341 379 3406 in
401 3340 512 3425 tepido
537 3339 663 3405 deseret
686 3361 761 3406 ossa
783 3361 877 3426 rogo,

150 3429 254 3508 Quam
278 3429 417 3495 subeant
440 3429 549 3493 animo
573 3429 760 3494 meritorum
783 3429 902 3495 oblivia
923 3433 1050 3531 nostrp,
