2384 3848
463 195 496 250 1.
516 193 696 250 riuvinus
1045 197 1087 263 83

132 336 198 404 Ille
219 338 301 404 levis
324 339 463 423 stipulae
487 338 651 404 sollemnis
674 341 771 423 potus
793 360 925 407 acervos

181 426 360 511 Ascendet,
383 427 532 494 flammas
555 427 780 513 transilietque
804 451 927 516 sacrae,

133 514 289 582 11110100
312 518 465 582 matrona
486 516 591 600 dabit,
614 518 775 601 natusque
797 520 925 602 parenti

83 621 119 671 00
179 603 299 671 0001110
321 605 521 690 comprensis
546 603 678 669 auribus
703 606 829 692 eripiet,

133 691 205 759 Nec
226 693 373 759 taedebit
395 716 490 759 avum
513 715 614 779 parvo
638 693 816 780 advigilare
839 697 949 779 nepot'

76 844 79 849 ,
178 780 348 868 Balbaque
372 804 444 848 cum
467 804 566 867 puero
591 780 697 846 dicere
719 784 820 848 verba
843 806 961 850 senem.

134 869 228 937 Tunc
250 873 384 956 operata
407 871 466 938 deo
489 872 591 955 pubes
616 869 797 936 discumbet
819 871 853 936 in
876 872 990 959 herba,

178 959 315 1026 Arboris
339 960 492 1045 antiquae
516 959 683 1044 qualevis
706 959 821 1024 umbra
844 960 943 1046 cadit,

84 1062 120 1114 00
135 1046 205 1113 Aut
228 1069 245 1113 0
268 1051 358 1114 veste
383 1070 442 1114 sua
463 1048 599 1113 tendent
620 1046 809 1113 umbracula
832 1050 927 1114 sertis

66 1192 74 1203 .
176 1134 312 1222 Vincta,
335 1140 510 1203 coronatus
534 1136 635 1201 stabit
658 1139 788 1202 stante
812 1138 904 1204 calix.

132 1223 179 1289 At
202 1225 265 1291 sibi
289 1226 425 1311 quisque
449 1226 547 1310 dapes
571 1228 603 1289 et
625 1225 726 1290 festas
750 1229 894 1292 exstruet
917 1229 981 1294 alte

79 1364 86 1373 .
177 1311 382 1399 anspitibus
406 1336 535 1380 mensas
559 1313 818 1398 caespitibusque
841 1318 958 1381 torum.

131 1402 264 1488 Ingeret
285 1403 339 1469 hio
362 1407 458 1488 potus
481 1403 606 1468 iuvenis
631 1401 803 1467 maledicta
825 1403 966 1488 puellae,

62 1507 116 1557 100
176 1489 352 1558 Postmodo
376 1513 458 1576 quae
480 1491 567 1557 votis
590 1490 689 1555 inrita
711 1489 799 1554 facta
822 1491 916 1556 velit:

131 1577 218 1644 Nam
240 1580 327 1646 ferus
351 1581 407 1645 ille
431 1602 508 1646 suae
531 1579 677 1664 plorabit
700 1578 827 1644 sobrius
851 1578 937 1644 idem

174 1666 220 1733 Et
243 1690 277 1734 00
299 1669 421 1734 iurabit
443 1672 552 1734 mente
574 1668 675 1733 fuisse
698 1668 794 1732 mala.

130 1754 215 1823 Pace
238 1760 295 1823 tua
317 1761 454 1841 pereant
477 1779 570 1823 arcus
593 1759 791 1842 pereantque
814 1757 967 1843 sagittae,
1035 1827 1037 1831 ,

175 1844 318 1931 Phoebe,
341 1846 438 1912 modo
462 1847 497 1911 in
520 1847 615 1911 terris
639 1849 724 1911 erret
746 1847 878 1910 inermis
902 1846 1013 1912 Amor.

60 1932 194 1999 1001110
217 1935 318 2000 bona:
342 1935 398 2000 sed
421 1939 595 2020 postquam
619 1933 757 2016 sumpsit
780 1934 843 1997 sibi
860 1935 927 1998 tela
946 1933 1080 2020 Cupido,

173 2020 247 2088 Heu
269 2023 333 2090 heu
357 2046 454 2109 quam
477 2023 588 2088 multis
612 2044 664 2086 ars
688 2020 776 2085 dedit
797 2020 857 2085 illa
879 2022 1015 2087 malum!

128 2109 175 2175 Et
196 2111 277 2176 mihi
299 2113 480 2197 praecipue.
516 2112 605 2177 iaceo
630 2132 703 2175 cum
727 2108 854 2175 saucius
879 2131 998 2175 annum

172 2197 333 2267 11110100
356 2200 484 2286 morbo,
507 2223 580 2266 cum
603 2199 694 2265 iuvat
716 2199 785 2282 ipse
809 2197 913 2283 dolor,

128 2284 239 2374 Vsque
263 2310 345 2355 cano
363 2288 541 2373 Nemesim,
565 2289 634 2354 sine
654 2311 719 2372 qua
736 2309 848 2353 versus
871 2288 951 2353 mihi
970 2291 1079 2356 nullus

58 2393 112 2442 110
172 2374 283 2442 Verba
304 2381 416 2462 potest
437 2379 540 2443 iustos
564 2381 621 2443 aut
643 2376 784 2460 reperire
807 2376 913 2458 pedes.
944 2410 946 2414 >

127 2461 174 2528 At
195 2468 233 2531 tu
255 2464 347 2553 (110111
372 2467 481 2533 divum
506 2469 614 2532 servat
636 2465 740 2528 tutela
762 2464 904 2549 poetas),

171 2552 384 2640 Prasmoneo,
407 2557 475 2621 vati
498 2576 607 2639 parce,
630 2551 754 2636 puella,
777 2572 884 2634 sacro,

126 2639 175 2705 Vt
195 2640 408 2709 Messalinum
432 2644 603 2727 celebrem,
627 2663 700 2707 cum
723 2639 868 2724 praemia
891 2640 967 2704 belli

171 2728 259 2796 Ante
282 2754 358 2799 suos
381 2755 493 2799 currus
518 2732 637 2818 oppida
659 2730 747 2795 victa
769 2728 864 2807 feret,
962 2750 965 2754 ·

57 2815 200 2902 1151pse
224 2839 339 2905 gerens
363 2823 485 2888 lauros:
508 2821 602 2886 lauro
626 2819 791 2885 devinctus
816 2818 937 2902 agresti

171 2904 266 2975 Miles
290 2908 355 2976 ‘io'
379 2932 500 2996 magna
522 2931 601 2976 voce
626 2905 820 2990 ‘triumphe’
844 2910 946 2970 canet.

125 2993 210 3060 Tum
234 2996 388 3064 Messalla
410 3020 501 3064 meus
524 2999 580 3083 pia
603 2997 658 3062 det
681 2994 865 3079 spectacula
887 2995 1001 3061 turbae

168 3083 215 3149 Et
236 3086 372 3170 plaudat
394 3109 489 3154 curru
513 3088 737 3171 praetereunte
760 3086 861 3167 pater.

123 3172 255 3239 Adnue:
279 3177 326 3241 sic
348 3177 409 3241 tibi
433 3176 500 3240 sint
522 3175 659 3259 intonsi,
682 3172 826 3259 Phoebe,
849 3173 972 3258 capilli,

54 3277 107 3327 100
169 3260 223 3328 Sic
244 3266 301 3330 tua
324 3267 481 3349 perpetuo
505 3265 548 3329 sit
569 3263 631 3329 tibi
654 3264 745 3328 00010
769 3283 869 3329 soror.

892 3549 929 3602 Q*
