2384 3848
472 228 506 284 V.
525 226 707 284 TIBVLLVS
1055 217 1096 291 *il

77 364 85 377 ⁶
144 370 269 437 Flebis:
291 394 359 439 non
380 375 439 438 tue
463 375 539 438 euni
562 371 643 437 duro
665 371 853 456 praecordia
875 372 963 436 forno

89 477 130 526 oo
192 459 327 545 Vincta,
349 480 453 547 neque
476 461 511 525 in
531 464 645 526 tenero
669 463 736 526 siai
758 461 820 525 iibi
844 460 939 526 eorde
963 460 1052 527 silex.

144 548 206 614 llio
230 570 297 614 non
319 549 443 615 iuvenis
465 549 588 634 poterit
611 548 650 614 de
672 548 784 614 funere
808 549 978 635 quisquam

188 636 340 723 Lumina,
363 659 430 703 non
452 639 560 723 uirgo,
583 639 670 704 siooa
692 637 813 703 referre
835 638 976 703 domum.

144 724 228 790 Tum
249 746 362 792 manes
385 748 426 792 ne
449 726 667 811 laedemus,
690 727 747 791 sed
769 746 866 811 pareo
890 725 1007 791 solutis

190 811 341 880 O'rinibus
365 818 399 881 e'o
421 815 555 899 teneris,
579 814 688 898 Delia,
710 836 807 898 parce
830 815 931 900 genis.

58 957 61 961 .
92 916 129 968 oo
143 899 285 988 inieras,
308 902 385 968 dum
407 903 477 968 faia
500 905 624 988 sinunt,
646 904 818 988 iungamus
843 922 987 968 amores:

188 990 259 1056 Iam
281 992 391 1057 ueniet
411 992 554 1057 tenebris
575 991 665 1057 Mors
689 991 843 1076 adoperta
864 992 975 1074 oapni,

144 1078 215 1145 Iam
237 1080 391 1165 subrepet
413 1081 500 1145 iners
523 1083 627 1164 aedas,
652 1102 712 1146 neo
736 1098 844 1144 amare
868 1079 1007 1163 deoebit,

190 1166 306 1233 Dicere
316 1191 387 1233 ·neo
411 1190 490 1234 cauo
513 1168 689 1235 blanditias
713 1169 828 1252 oapiie.

144 1254 240 1322 Nune
253 1257 334 1322 levis
349 1261 400 1322 esi
412 1257 585 1324 tracianda
592 1256 718 1342 Venus,
732 1257 809 1322 dum
822 1257 970 1341 frangere
984 1260 1094 1342 postes

91 1359 130 1411 το
189 1343 266 1411 Non
288 1345 389 1430 pudet
412 1343 445 1410 e't
468 1347 555 1411 rixas
576 1346 779 1411 conseruisse
802 1345 902 1411 iuvat.

144 1430 209 1499 Hie
232 1455 294 1520 ego
312 1434 377 1499 dux
395 1434 550 1519 milesque
569 1435 688 1499 bonus:
711 1455 784 1518 vos,
807 1434 904 1517 signa
924 1435 1095 1519 iubaeque,

189 1521 238 1587 Ite
260 1523 386 1606 procul,
410 1523 534 1607 cupidis
556 1523 691 1589 volnera
712 1521 795 1587 ferte
817 1522 912 1603 viris,

144 1607 239 1675 Ferte
261 1615 296 1675 et
318 1632 412 1695 opes:
435 1633 497 1698 ego
521 1611 701 1695 composino
725 1631 856 1675 aeonius
879 1630 995 1676 aoeruo

189 1694 377 1784 Despiciam
400 1699 483 1765 dites
508 1699 745 1784 despiciamque
767 1699 899 1765 famem.

493 1912 524 1976 2.
559 1908 683 1997 (1,1o.)

495 2019 570 2088 'Laus
588 2032 675 2102 paois.

142 2138 224 2216 Quis
246 2138 324 2224 fuit,
347 2140 526 2206 horrendos
549 2141 672 2224 primus
697 2141 753 2225 qui
775 2140 913 2225 protulit
936 2140 1053 2207 enses?

189 2227 294 2304 Quam
316 2229 406 2294 ferus
430 2235 558 2295 sivero
581 2229 704 2296 ferreus
727 2229 783 2294 ille
805 2229 882 2295 fuit!

144 2314 228 2381 Tum
252 2317 366 2383 eaedes
388 2317 559 2383 hominum
583 2319 707 2402 generi,
731 2323 802 2383 tum
824 2319 948 2403 proelia
970 2322 1062 2403 nata,
1165 2358 1168 2364 ·

187 2403 271 2470 Tum
292 2405 423 2471 brevior
446 2406 535 2472 dirae
558 2406 673 2472 mortis
696 2410 809 2490 aperta
832 2407 886 2472 viu
908 2409 966 2472 esi.

109 2492 198 2558 oAn
219 2486 304 2558 nihil
326 2495 381 2559 ille
405 2493 504 2560 miser
527 2495 645 2559 meruit
652 2545 660 2576 ,
682 2516 741 2560 nos
765 2495 805 2559 ad
832 2495 918 2558 maia
940 2497 1054 2560 nostra

188 2579 369 2667 Veriimue‚
392 2583 426 2649 iu
449 2599 562 2649 saevas
586 2582 672 2666 quod
694 2582 783 2648 dedii
805 2583 861 2647 ille
883 2582 993 2648 feras?

142 2669 264 2736 Divias
287 2671 349 2736 hoo
371 2671 488 2737 vitium
510 2675 561 2737 esi
583 2672 666 2756 auri,
688 2692 747 2737 neo
769 2670 856 2736 bella
878 2671 1022 2754 fuerunt,

185 2757 330 2844 Faginus
353 2759 505 2826 adstabat
528 2783 601 2826 oum
625 2761 764 2846 soyphus
789 2763 865 2826 anie
887 2760 997 2843 dapes.

142 2836 219 2914 Non
243 2869 348 2934 areas,
369 2871 436 2915 non
457 2849 564 2917 vallus
588 2853 670 2933 erat,
694 2859 906 2933 somnumque
928 2847 1062 2932 petebai

97 2950 129 3001 10
189 2933 331 3002 Seourus
353 2938 462 3003 varias
484 2937 551 3002 dux
573 2939 682 3022 gregis
705 2939 789 3002 inter
811 2956 896 3003 oves.

141 3023 232 3090 Tune
252 3024 338 3103 mihi
360 3027 430 3091 viia
451 3027 538 3092 foret
560 3025 675 3104 duleis,
698 3047 757 3090 nee
779 3025 888 3091 tristia
911 3046 1041 3091 nossem

185 3113 289 3178 Arma
311 3135 371 3180 neo
394 3115 556 3181 audissem
578 3114 673 3180 eorde
696 3114 835 3179 micante
857 3115 985 3180 iubam:

140 3199 238 3268 Nono
260 3186 303 3267 ad
325 3203 413 3268 bella
435 3203 562 3287 trahor,
586 3203 706 3269 eiiam
730 3202 801 3287 quis
825 3202 963 3270 forsitan
986 3203 1091 3271 hostis

45 3334 50 3345 -
187 3290 337 3356 Haesura
359 3291 395 3356 in
416 3295 530 3358 nostro
553 3291 620 3357 tela
643 3291 728 3376 gerii
749 3291 859 3358 latere.

98 3391 128 3443 15
143 3375 207 3444 Sed
230 3379 330 3463 pairii
353 3384 478 3446 servate
500 3378 614 3446 Lares:
638 3379 764 3446 aluistis
787 3384 820 3445 ei
842 3381 941 3463 idem,

187 3464 358 3533 Cursarem
383 3473 509 3536 vestros
533 3491 608 3537 oum
630 3472 725 3537 ’tenen
748 3472 827 3536 anie
848 3469 967 3553 aedes.

1179 3190 1191 3313 *3.
