2384 3848
86 193 129 258 52
454 193 501 247 III.
521 191 727 248 LVORETIVS

156 338 249 404 Unde
273 337 459 404 oriebantur
481 338 567 402 risus
588 336 758 421 dulcesque
781 337 944 421 cachinni,

153 427 270 492 Omnia
293 427 379 512 quod
401 448 486 492 nova
512 429 582 490 tum
610 426 715 510 magis
742 425 823 491 haee
849 430 881 491 et
910 425 994 513 mira
1020 428 1106 512 rige-

833 515 922 580 bant

154 605 199 669 Et
222 603 434 690 vigilantibus
457 602 544 667 hinc
558 602 693 668 aderant
716 603 837 668 solacia
861 603 979 684 somni,

89 710 140 760 sto
154 693 279 759 Ducere
302 691 500 757 multimodis
523 713 618 756 voces
642 695 676 756 et
697 691 824 756 flectere
847 695 963 756 cantus

154 782 200 845 Et
224 802 340 865 supera
362 782 505 846 calamos
528 801 610 845 unco
634 801 820 865 percurrere
843 781 950 864 labro;

154 871 248 935 Vnde
272 870 370 935 etiam
392 869 510 955 vigiles
532 891 621 934 nuno
643 869 724 933 haec
748 873 879 953 accepta
901 873 1045 954 tuentur,

40 1012 44 1020 .
153 960 199 1025 ltlt
221 974 393 1024 numerum
417 980 544 1024 servare
568 959 656 1023 sonia
681 956 831 1036 didicere,
853 979 959 1043 neque
981 959 1051 1024 hilo

156 1048 314 1113 Maiorem
337 1048 462 1112 interea
485 1047 619 1131 capiunt
641 1044 850 1131 dulcedini(s)
873 1046 1015 1113 fructum

88 1153 140 1203 615
156 1137 260 1214 Quam
283 1135 431 1201 silvestre
455 1154 557 1220 genus
581 1134 730 1218 capiebat
751 1135 997 1219 terrigenarum.

152 1224 239 1290 Nam
254 1224 341 1308 quod
360 1224 452 1289 adest
465 1226 605 1309 praesto,
626 1222 691 1287 nisi
705 1223 782 1308 quid
797 1225 1008 1308 cognovimus
1029 1231 1106 1292 ante

154 1311 304 1397 Suavius,
327 1312 500 1397 inprimis
523 1313 686 1395 placetet
708 1312 828 1395 pollere
851 1313 989 1397 videtur,

154 1403 385 1556 Posteriorque
408 1402 475 1466 fere
499 1400 613 1466 melior
635 1421 686 1466 res
710 1402 766 1465 illa
789 1404 917 1485 reperta

154 1491 320 1568 Perditet
287 1493 449 1556 einmut
435 1495 485 1556 tat
509 1511 623 1556 sensus
647 1490 687 1554 ad
711 1489 847 1574 pristina
871 1513 1026 1577 quaeque.

88 1598 140 1646 620
155 1579 208 1645 Sic
231 1580 340 1645 odium
363 1579 469 1664 coepit
492 1579 683 1664 glandia,
657 1601 703 1644 sro
727 1579 784 1644 illa
806 1579 920 1644 relicta

158 1667 269 1733 Strata
293 1669 411 1733 cubilia
435 1671 512 1732 sunt
497 1668 702 1733 therbist
669 1671 702 1732 et
723 1667 892 1733 frondibus
916 1674 1022 1736 aucta.

152 1757 253 1821 Pellis
277 1757 355 1820 item
378 1756 492 1822 cecidit
514 1757 614 1821 restis
639 1759 826 1839 contempta
849 1757 986 1843 ferinae3

154 1845 258 1922 Quam
282 1866 356 1909 reor
378 1844 501 1910 invidia
523 1845 583 1910 tali
606 1849 683 1910 tune
707 1867 777 1910 esse
800 1847 977 1932 repertam,

156 1934 202 1998 Vt
224 1935 326 1998 letum
349 1933 476 2000 insidiis
500 1935 556 2019 qui
580 1934 682 2020 gessit
703 1934 829 2018 primus
851 1935 970 2019 obiret,

88 2040 140 2090 625
155 2023 199 2087 Et
222 2027 331 2088 tamen
354 2023 439 2088 inter
462 2045 517 2089 eos
540 2024 728 2089 distractam
753 2023 910 2108 sanguine
933 2025 1039 2090 multo

154 2111 350 2196 Disperiisse
373 2133 477 2196 neque
500 2113 535 2193 iu
558 2113 697 2178 fructum
722 2115 906 2177 convertere
930 2113 1048 2196 quisse.

155 2200 247 2264 Tunc
270 2200 370 2285 igitur
392 2200 508 2283 pelles,
529 2223 614 2264 nunc
638 2223 751 2265 aurum
775 2204 808 2265 et
830 2223 974 2286 purpura
997 2202 1084 2267 curis

154 2288 316 2353 Exercent
339 2288 508 2354 hominum
530 2291 632 2354 vitam
654 2290 804 2374 belloque
827 2289 981 2374 fatigant3

157 2376 227 2452 Quo
251 2378 356 2462 magis
380 2378 414 2441 in
435 2378 545 2463 nobis,
567 2381 604 2442 ut
627 2380 753 2462 opinor,
777 2377 871 2462 culpa
893 2380 1022 2444 resedit.

89 2484 141 2534 630
155 2465 272 2551 Frigus
287 2466 382 2530 'enim
404 2466 508 2531 nudos
533 2467 602 2532 sine
625 2468 764 2551 pellibus
789 2467 994 2532 excruciabat

156 2555 362 2640 Terrigenas:
390 2559 424 2620 at
447 2578 508 2620 nos
531 2557 578 2621 nil
602 2555 701 2621 laedit
724 2559 814 2620 veste
837 2577 944 2620 carere

157 2645 324 2728 Purpurea
347 2647 444 2728 atque
467 2666 545 2709 auro
570 2645 735 2730 signisque
758 2644 945 2730 ingentibus
970 2650 1062 2730 apta,

155 2732 241 2797 Dum
265 2732 394 2816 plebeia
415 2735 525 2796 tamen
548 2733 606 2812 sit,
630 2754 712 2816 quae
736 2733 905 2798 defendere
928 2734 1045 2817 possit.

155 2821 243 2906 Ergo
262 2820 433 2885 hominum
452 2841 556 2905 genus
574 2823 608 2886 in
627 2842 754 2886 cassum
773 2822 857 2886 frust
843 2825 958 2907 traque
978 2823 1109 2888 laborat

88 2927 139 2977 635
155 2909 289 2995 Semper
313 2910 400 2974 etin
424 2909 509 2974 curis
533 2911 696 2975 consumit
717 2911 869 2975 inanibus
892 2933 1022 2996 aevum,

156 2997 332 3082 Nimirum,
356 3000 432 3082 quia
454 3020 520 3064 non
528 2999 697 3103 cognovit
720 3021 801 3084 quae
825 2999 868 3063 sit
890 2963 1033 3066 habendi

154 3086 245 3151 Finis
270 3090 303 3150 et
326 3088 457 3152 omniuo
482 3083 588 3172 quoad
611 3093 733 3154 crescat
756 3110 832 3154 vera
854 3090 1021 3173 voluptas.

125 3173 256 3258 quue
280 3175 466 3240 minutatim
489 3177 592 3241 vitam
614 3178 795 3261 provexit
785 3201 819 3241 ιιι
844 3179 945 3242 altum

156 3263 202 3328 Et
224 3263 303 3328 belli
326 3284 463 3349 magnos
486 3267 663 3331 commovit
684 3266 829 3331 funditus
853 3270 924 3331 aest
924 3289 992 3332 us.

87 3369 140 3419 640
199 3353 244 3418 At
268 3352 384 3436 vigiles
411 3354 523 3418 mundi
553 3375 707 3440 magnum
731 3353 922 3440 versatilils)
945 3357 1108 3441 templum

154 3441 211 3509 Sol
234 3446 267 3508 et
290 3443 366 3508 luna
390 3465 447 3509 suo
471 3443 645 3509 lustrantes
669 3445 790 3511 lumine
814 3446 934 3510 circum
