2384 3848
433 173 481 228 ΠΙ.
501 173 706 230 Lvonnrlvs
1032 171 1076 238 33

126 319 190 397 Qui
212 338 314 403 genus
337 318 516 383 humanum
539 319 669 403 ingenio
694 319 859 402 superavit
881 321 914 383 et
937 318 1042 383 omnis

51 424 111 475 215
126 408 304 492 Restinxit,
328 408 438 472 stellas
463 411 592 472 exortus
616 411 653 472 ut
676 407 848 487 aetherius·
864 408 923 472 sol.

128 497 179 562 Tu
201 496 466 563 verodubitabis
490 499 523 560 et
545 495 757 582 indignabere
780 495 893 561 obire?

125 585 257 652 Mortua
277 585 330 650 cui
351 586 420 649 vita
443 588 492 648 est
514 606 615 668 prope
637 585 703 648 iam
727 585 800 650 vivo
824 588 921 668 atque
942 583 1075 667 videnti,

128 673 192 751 Qui
215 694 329 738 somno
351 676 478 757 partem
501 673 658 738 maiorem
681 673 823 738 conteris
848 673 932 756 aeri,

126 761 172 828 Et
194 762 468 848 vigilansvstertis
491 782 551 826 nec
574 763 700 826 somnia
723 782 852 827 cernere
875 782 996 842 cessas,
1101 814 1103 819 .

56 866 112 918 220
127 850 372 935 Sollicitamque
395 850 482 935 geris
506 871 598 914 cassa
620 849 791 915 formidine
814 854 970 934 mentem,

126 939 196 1005 Nec
218 939 359 1023 reperire
381 942 474 1022 potes
497 938 558 1002 tibi
582 938 659 1022 quid
682 939 726 1003 sit
749 959 843 1022 saepe
866 939 957 1021 mali,
980 958 1054 1002 cum

126 1027 246 1093 Ebrius
268 1026 396 1113 'urgeris
419 1027 531 1091 multis
554 1027 654 1092 miser
675 1027 815 1111 undique
839 1027 923 1091 curis

127 1115 237 1201 Atque
260 1116 362 1180 animi
384 1116 506 1180 incerto
528 1114 660 1180 fluitans
684 1137 790 1181 errore
813 1114 965 1200 vagaris?

58 1292 104 1359 V·
169 1291 208 1358 Si
226 1295 387 1377 possent
404 1292 735 1375 homines,proinde
750 1313 787 1356 ac
797 1292 917 1356 sentire
926 1291 1077 1356 videntur

59 1380 260 1447 respondes
282 1381 388 1446 inesse
412 1382 533 1463 animo,
557 1380 642 1465 quod
666 1402 700 1446 se
724 1381 884 1464 gravitate
907 1381 1037 1464 fatiget,

127 1469 157 1534 E
181 1470 320 1554 quibus
351 1469 389 1533 id
419 1468 494 1533 fiat
521 1469 648 1533 causis
676 1488 826 1553 quoque
853 1489 1013 1533 noscere
1045 1470 1078 1532 et

808 1557 893 1620 unde

127 1645 234 1711 Tanta
257 1646 336 1710 mali
358 1649 526 1730 tamquam
549 1646 650 1710 moles
674 1646 709 1709 in
731 1648 861 1729 pectore
885 1646 1026 1728 constet,

128 1733 240 1798 Haud
262 1735 318 1798 ita
336 1735 455 1799 vitam
477 1738 651 1820 agerent,
673 1737 715 1799 ut
732 1755 831 1798 nunc
853 1734 1077 1817 plerumque

297 1867 306 1880 ·
808 1822 979 1887 videmus

129 1907 214 1986 Quid
232 1911 296 1976 sibi
314 1911 449 1996 quisque
468 1911 546 1975 velit
564 1911 701 1994 nescire,
724 1913 757 1974 et
775 1931 927 1996 quaerere
951 1929 1083 1994 semper·

59 2015 114 2065 230
129 1996 337 2064 Commutare
359 2001 480 2084 locum,
503 1999 598 2084 quasi
621 2020 701 2063 onus
725 1998 885 2083 deponere
908 1997 1021 2081 possit

127 2086 208 2151 Exit
230 2109 326 2172 saepe
349 2089 438 2153 foras
462 2088 591 2173 magnis
616 2108 655 2152 ex
678 2086 812 2152 aedibus
835 2086 905 2169 ille,

127 2174 211 2240 Esse
230 2176 318 2240 domi
337 2198 432 2261 quem
451 2180 634 2262 pertaesum
654 2180 716 2260 est,
739 2176 909 2261 subitoque
928 2173 1076 2257 revertit,

129 2262 257 2348 Quippe
281 2264 360 2330 foris
383 2267 451 2330 nilo
475 2265 590 2329 melius
617 2265 673 2349 qui
696 2264 818 2329 sentiat
841 2285 919 2329 esse.

129 2349 239 2417 Currit
261 2374 361 2438 agens
385 2375 523 2418 mannos
546 2353 587 2417 ad
610 2353 722 2418 villam
746 2353 1007 2437 praecipitanter,

58 2457 115 2508 235
129 2439 297 2506 Auxilium
318 2443 414 2507 tectis
438 2443 531 2527 quasi
554 2442 638 2505 ferre
662 2441 848 2506 ardentibus
872 2442 1016 2506 instans:

128 2528 256 2595 Oscitat
278 2531 453 2616 extemplo,
474 2530 585 2614 tetigit
607 2550 679 2594 cum
703 2529 952 2610 linnevillae,

130 2616 199 2682 Aut
222 2618 291 2683 abit
313 2619 355 2682 in
371 2640 520 2684 somnum
543 2618 651 2703 gravis
675 2621 772 2700 atque
796 2617 916 2682 oblivia
938 2617 1079 2700 quaerit,

129 2704 200 2772 Aut
221 2707 320 2773 etiam
343 2712 527 2792 properans
543 2707 658 2770 urbem
680 2706 763 2789 petit
786 2708 882 2789 atque
905 2706 1026 2771 revisit.
1056 2767 1058 2783 ,

107 2793 202 2877 κΗο2
220 2816 255 2859 se
273 2796 409 2880 quisque
427 2795 524 2861 modo
543 2795 644 2881 fugit:
666 2797 701 2858 at
720 2815 806 2877 cum,
825 2794 959 2879 scilicet,
977 2798 1014 2858 ut
1027 2794 1080 2878 fit,

61 2899 117 2948 240
131 2881 285 2967 Effugere
307 2884 394 2949 haud
416 2878 503 2969 potis
527 2887 591 2967 est,
614 2884 752 2968 ingratis
775 2882 888 2946 haeret
910 2885 943 2946 et
968 2881 1037 2947 odit

96 3016 100 3021 -
130 2970 319 3057 Propterea,
341 2973 447 3038 morbi
470 2972 546 3057 quia
569 2993 701 3037 causam
723 2992 791 3036 non
812 2973 903 3036 tenet
926 2990 1035 3057 aeger3

131 3058 237 3134 Quam
259 3060 342 3127 bene
365 3062 393 3127 si
415 3061 538 3144 videat,
561 3060 628 3125 iam
650 3060 745 3124 rebus
769 3059 904 3144 quisque
927 3060 1049 3126 relictis

130 3147 294 3214 Naturam
317 3150 457 3234 primum
481 3147 610 3214 studeat
633 3168 827 3233 cognoscere
849 3170 971 3232 rerum,

131 3235 304 3321 Temporis
328 3239 451 3303 aeterni
475 3237 639 3323 quoniam,
661 3258 730 3302 non
752 3237 848 3302 unius
871 3237 984 3322 horae,

60 3340 119 3391 245
132 3323 322 3410 Ambigitur
345 3329 464 3411 status,
486 3327 521 3390 in
545 3346 609 3409 quo
633 3326 677 3390 sit
699 3327 890 3391 mortalibus
915 3325 1019 3391 omnis

131 3412 248 3498 Aetas,
270 3418 346 3499 post
368 3420 506 3480 mortem
531 3434 612 3500 quae
634 3418 737 3480 restat
759 3429 894 3498 cumque
912 3413 1084 3480 manenda.

118 3526 221 3578 Eologae
234 3531 295 3577 poet.
308 3529 349 3570 let.
364 3528 397 3570 ert
411 3530 521 3570 Bearur.
906 3523 921 3571 3
