2384 3848
86 176 130 247 26
458 178 506 235 111.
525 177 730 235 evonenus

154 324 249 391 Unde
272 323 419 390 homines
443 324 520 391 dum
543 346 578 389 se
600 324 683 390 falso
706 327 830 390 lerrore
853 324 959 391 0000οἰ
1055 339 1058 344 “
1148 416 1150 423 Ι

154 413 320 498 Effugisse
342 412 458 479 uolunt
481 413 592 499 longe,
616 412 777 497 longeque
791 433 954 498 remosse,

106 518 142 568 ‘10
157 502 322 587 Sanguine
346 501 433 567 civili
455 523 524 566 rem
547 501 690 567 conflant
712 501 904 586 divitiasque

156 590 393 674 Conduplioanl
416 590 514 672 avidi,
538 589 667 656 caedem
691 589 786 655 caede
809 593 1067 676 accumulantes,

156 678 309 746 Crudeles
334 679 475 764 gaudent
498 679 533 742 in
555 677 643 743 tristi
664 679 776 745 funere
799 679 924 764 fratris,
968 735 971 740 .

155 769 201 834 Εο
225 767 504 851 consanguineum
525 789 655 832 mensas
680 767 774 832 odere
797 768 987 854 limentque.

157 855 327 922 Consimili
350 857 475 923 ratione
499 856 677 929 abeodem
700 877 796 941 saepe
817 858 935 922 limone

108 959 142 1011 10
156 945 301 1011 Μο00100
322 945 453 1010 invidia.
486 949 562 1010 0000
585 944 695 1011 oculos
718 945 811 1010 illum
834 967 904 1011 esse
926 949 1108 1030 00000000,

148 1034 255 1100 ¹Illum
279 1033 473 1118 adspectum,
496 1035 583 1099 claro
607 1035 662 1118 qui
684 1033 807 1099 incedit
828 1035 965 1118 honore,

157 1121 226 1206 Ipsi
249 1143 283 1186 se
306 1122 340 1185 in
362 1122 506 1187 denebris
530 1122 617 1188 volvi
639 1144 803 1207 caenoque
826 1127 1013 1207 queruntur.

158 1209 329 1275 1000101100
350 1210 470 1295 partim
493 1215 674 1277 statuarum
698 1215 730 1276 00
751 1212 893 1277 nominis
918 1232 1007 1296 ergo.
1031 1234 1036 1242 ·

157 1299 204 1363 Et
226 1320 322 1383 saepe
344 1320 446 1383 usque
469 1299 563 1382 adeo,
585 1299 699 1365 mortis
722 1299 909 1384 formidine,
931 1301 1021 1366 vitae

108 1403 144 1454 80
158 1387 301 1472 Percipit
322 1388 481 1453 humanos
504 1386 613 1454 odium
635 1386 781 1473 lucisque
805 1388 976 1473 videndae,

159 1475 206 1542 vt
230 1477 293 1541 sibi
316 1477 518 1543 consciscant
540 1477 698 1543 maerenti
720 1480 850 1561 pectore
872 1479 988 1562 letum,

159 1565 261 1631 obliti
283 1565 407 1632 fontem
430 1588 580 1631 curarum
603 1565 690 1630 hunc
712 1587 784 1631 esse
806 1567 972 1650 timorem,

103 1700 105 1704 »
159 1654 255 1719 Ηο00
277 1674 393 1718 vexare
416 1654 586 1738 pudorem,
608 1653 696 1718 huno
717 1654 846 1719 vincula
870 1653 1026 1719 amicitiai

159 1742 322 1826 Rumpere
345 1745 378 1806 00
400 1742 435 1806 in
458 1764 584 1807 summa
605 1741 761 1826 pietatem
784 1745 929 1808 auersere
951 1742 1079 1808 fraude:

109 1845 145 1895 85
160 1827 246 1895 Nam
264 1830 330 1894 iam
349 1851 445 1914 saepe
463 1831 610 1896 homines
631 1830 771 1914 patriam
790 1852 947 1916 carosque
965 1830 1111 1916 parentis

159 1918 388 2003 Prodiderunt,
410 1919 512 1984 vilare
535 1919 717 1985 Acherusia
739 1921 861 2004 iempla
883 1922 1041 2003 petentes.

161 2007 248 2074 Nam
271 2008 371 2073 veluti
393 2009 486 2091 pueri
508 2007 673 2092 trepident
696 2010 793 2092 alque
817 2008 928 2074 0010ἰο
951 2009 1057 2074 caecis

159 2095 200 2160 In
222 2097 365 2161 tenebris
388 2100 552 2180 metuunt,
576 2097 622 2162 sic
646 2118 705 2162 nos
728 2096 763 2160 in
787 2097 858 2161 luoe
881 2097 1034 2162 timemus

159 2183 327 2248 Interdum
349 2185 416 2250 nilo
440 2207 523 2269 quae
547 2187 623 2249 01100
645 2186 819 2250 metuenda
841 2185 962 2271 magis,
982 2207 1080 2271 quam

111 2289 146 2338 90
161 2272 251 2349 Quae
275 2273 367 2355 pueri
389 2273 423 2336 in
445 2273 589 2338 donobrio
612 2273 762 2357 pavitant
783 2274 973 2360 finguntque
992 2274 1128 2339 fulera·

161 2360 257 2426 Hunc
275 2361 376 2446 igilur
393 2365 551 2428 terrorem
566 2362 666 2427 animi
679 2363 895 2447 tenebrasque
909 2383 1042 2429 necesse
1061 2368 1112 2429 est

160 2448 238 2515 Non
261 2449 343 2514 radii
367 2451 446 2516 solis
468 2472 573 2536 neque
596 2450 704 2516 lucida
725 2452 792 2516 0010
814 2452 878 2518 diei

160 2536 360 2625 Disouliant,
383 2540 438 2605 sed
460 2543 596 2605 naturae
621 2540 743 2624 speeies
766 2541 923 2626 ratioque.

256 2784 258 2788 ι
385 2698 416 2764 5.
447 2695 534 2783 (Lib.
551 2697 601 2763 ΠΙ
623 2674 817 2786 00041004.)

401 2801 434 2855 In
451 2803 542 2858 010000
560 2800 631 2856 nihil
649 2817 711 2856 0000
730 2801 807 2857 mali.

94 2889 111 2958 l
160 2891 226 2956 Nil
244 2892 367 2976 igilur
385 2913 486 2957 mors
503 2894 562 2957 000
581 2891 625 2956 ad
643 2912 712 2957 nos
726 2911 830 2976 neque
844 2892 985 2975 pertinet
998 2891 1114 2976 hilum,

163 2979 431 3064 Quandoquidem
452 2983 572 3046 natura
595 2979 696 3044 animi
720 2980 867 3046 mortalia
890 2979 1038 3045 habetur.

160 3067 206 3133 ut
228 3069 319 3133 velut
341 3072 418 3134 0000
441 3071 514 3134 0000
536 3067 591 3132 nil.
606 3070 752 3153 tempore
776 3069 934 3134 sensimus
959 3068 1061 3154 aegri,

159 3154 212 3219 Ad
236 3156 473 3242 confligendum
496 3157 700 3224 venientibus
723 3157 866 3240 undique
888 3156 1023 3240 Poenis,

132 3242 282 3308 00010ἱο
304 3266 377 3309 cum
399 3247 478 3311 belli
500 3246 626 3330 trepido
650 3266 808 3311 concussa
829 3246 972 3311 00100100

154 3331 306 3417 ¹Horrida
328 3336 549 3400 contremuere
573 3335 633 3400 sub
658 3334 733 3399 aliis
757 3335 896 3400 aetheris
920 3334 1000 3418 oris,

163 3419 203 3485 In
227 3420 387 3507 dubioque
410 3422 498 3489 fuere
522 3426 668 3488 utrorum
691 3422 732 3487 ad
755 3444 857 3510 regna
880 3423 1061 3489 cadendum
