2384 3848
433 221 480 278 VI.
499 221 729 276 PROPERTIVS
1026 219 1088 285 lOl

137 368 264 434 Deinde
286 389 345 451 per
367 367 495 432 Ionium
519 371 631 432 vectus
656 387 727 431 cum
750 367 836 431 fessa
859 366 1005 431 Lechaeo

186 455 315 522 Sedarit
336 455 465 540 placida
487 456 561 520 vela
582 453 737 538 phaselus
761 477 858 540 aqua,

141 545 234 622 Quod
253 548 415 629 superest,
439 545 582 628 sufferte,
605 544 716 628 pedes,
739 548 911 628 properate
929 544 1092 627 laborem,

89 651 126 702 ao
183 633 326 698 Isthmos
351 633 534 718 quaternis
558 637 647 697 arcet
669 635 841 716 utrumque
864 655 961 697 mare.

139 721 218 787 Inde
241 721 298 786 ubi
320 721 428 786 Piraei
451 722 581 805 capient
603 743 655 786 me
678 721 776 786 litora
798 725 926 804 portus,

184 808 345 875 Scandam
369 830 429 895 ego
453 808 597 874 Theseae
620 809 771 874 bracchia
794 810 893 894 longa
916 809 996 874 viae.

139 898 212 964 Illic
235 900 286 964 vel
310 897 426 963 studiis
450 899 592 964 animum
616 897 786 961 emendare
809 897 956 962 Platonis

183 986 342 1072 Incipiam
367 993 423 1051 aut
445 986 563 1070 hortis,
587 985 681 1051 docte
704 985 857 1070 Epicure,
881 986 960 1068 tuis,

91 1091 125 1140 aa
139 1075 319 1159 Persequar
337 1078 395 1140 aut
412 1074 555 1140 studium
572 1074 717 1159 linguae,
737 1073 967 1140 Demosthenis
986 1096 1089 1158 arma,
1125 1136 1128 1141 .

185 1162 420 1246 Librorumquc
443 1167 531 1246 tuos,
557 1163 650 1228 docte
673 1162 865 1249 Menandre,
890 1164 987 1248 sales3

141 1252 210 1316 Aut
233 1256 317 1316 certe
341 1253 470 1316 tabulae
494 1252 623 1336 capient
645 1273 718 1316 mea
740 1253 864 1317 lumina
886 1253 992 1336 pictae

186 1338 260 1405 Sive
284 1341 380 1406 ebore
404 1343 533 1405 exactae
557 1361 613 1404 seu
636 1341 741 1425 magis
766 1363 839 1405 aere
863 1363 992 1423 manus3

128 1429 210 1501 ,Aut
232 1428 339 1513 spatia
363 1450 520 1494 annorum
544 1431 601 1492 aut
622 1429 721 1513 longa
743 1429 916 1494 intervalla
937 1427 1091 1513 profundi

89 1534 125 1584 30
186 1516 351 1582 Lenibunt
372 1517 473 1583 tacito
496 1516 632 1581 volnera
653 1520 766 1581 nostra
789 1517 876 1581 sinu:

142 1603 205 1671 Seu
229 1605 361 1689 moriar,
383 1605 467 1684 fato,
488 1627 555 1670 non
578 1606 666 1689 turpi
688 1606 809 1670 fractus
834 1628 958 1691 amore,

186 1693 293 1778 Atque
318 1694 379 1758 erit
400 1694 458 1758 illa
479 1693 561 1757 mihi
585 1693 698 1759 mortis
720 1695 859 1760 honesta
882 1695 959 1760 dies.

348 1998 360 2015 ⁶
484 1908 535 1970 13.
566 1905 680 1992 (117.)
800 1957 802 1964 .

484 2027 677 2097 Naufragium.

141 2135 187 2200 Et
210 2137 338 2221 merito,
362 2136 515 2220 quoniam
537 2136 630 2221 potui
653 2137 775 2223 fugisse
798 2138 953 2221 puellam!

186 2223 281 2289 Nunc
305 2245 366 2310 ego
390 2224 534 2290 desertas
559 2226 716 2311 adloquor
739 2227 902 2311 alcyonas.

141 2311 211 2378 Nec
232 2313 313 2377 mihi
336 2310 479 2397 Oassope
503 2315 627 2379 salvam
650 2315 761 2380 visura
785 2317 942 2400 carinam,

188 2399 367 2486 Omniaque
391 2403 521 2487 ingrato
543 2403 638 2468 litore
661 2406 738 2467 vota
761 2403 889 2468 cadunt.

108 2488 229 2566 aQuin
253 2491 350 2555 etiam
374 2491 503 2555 absenti
525 2494 663 2575 prosunt
684 2492 759 2575 tibi,
782 2489 936 2574 Oynthia,
959 2490 1063 2554 venti:

186 2577 340 2662 Adspice,
364 2601 460 2663 quam
484 2600 597 2644 saevas
620 2579 767 2662 increpat
791 2601 868 2643 aura
891 2578 1005 2642 minas.

141 2664 282 2731 Nullane
305 2668 452 2751 placatae
475 2668 583 2732 veniet
605 2667 739 2732 fortuna
761 2665 943 2751 procellae?

186 2755 328 2820 Haecine
351 2778 452 2839 parva
475 2778 583 2821 meum
606 2757 704 2822 funus
726 2756 848 2821 harena
869 2755 980 2840 teget?

142 2843 192 2907 Tu
215 2846 325 2910 tamen
348 2845 383 2909 in
405 2845 522 2910 melius
547 2867 659 2911 saevas
683 2849 834 2910 converte
857 2844 1031 2929 querellas:

90 2950 126 2997 10
187 2929 245 2996 Sat
267 2933 328 2998 tibi
352 2934 396 2998 sit
418 2954 542 3016 poenae
566 2955 631 2999 nox
654 2937 687 2999 et
709 2935 820 3019 iniqua
843 2933 935 2998 vada.

143 3019 198 3084 An
220 3021 342 3105 poteris
367 3021 460 3086 siccis
484 3043 557 3087 mea
580 3022 649 3087 fata
672 3043 835 3106 opponere
859 3022 982 3106 ocellis,
1032 3073 1041 3079 .

188 3107 332 3194 Ossaque
355 3110 447 3176 nulla
469 3113 527 3175 tuo
551 3115 666 3176 nostra
688 3115 799 3176 tenere
822 3111 917 3176 sinu?

143 3196 321 3284 spereat,
345 3198 537 3284 quicumque
560 3203 646 3278 rates
671 3204 703 3263 et
724 3200 797 3264 vela
819 3201 949 3283 paravit

186 3285 314 3351 Primus
338 3291 371 3351 et
394 3287 496 3352 invito
520 3289 648 3372 gurgite
671 3288 749 3352 fecit
772 3288 841 3352 iter.

93 3390 128 3440 15
144 3372 262 3439 Nonne
284 3375 346 3440 fuit
368 3376 470 3441 levius
493 3375 643 3440 dominae
666 3377 851 3460 pervincere
874 3397 981 3441 mores

190 3460 359 3549 (Quamvis
383 3465 476 3548 dura,
498 3467 609 3529 tamen
632 3486 706 3529 rara
728 3466 836 3548 puella
858 3463 947 3549 fuit),
