2384 3848
32 3524 48 3597 l·

79 175 124 241 82
472 173 504 229 v.
524 171 702 228 rrcvunvs

153 320 199 385 Te
223 340 350 404 quoque
373 319 438 384 iam
462 317 567 402 odeo,
590 317 689 383 Marti
711 319 870 402 placitare
894 320 1045 386 sacerdos

195 408 269 493 llia,
292 406 442 472 Vestales
466 405 645 472 deseruisse
668 406 766 473 focos.

151 496 283 580 Carpite
305 517 406 580 nunc,
429 495 528 578 tauri,
551 495 590 559 de
614 498 737 580 septem
760 494 926 562 montibus
949 497 1084 582 herbas,

196 586 285 650 Dum
307 585 398 649 licet:
420 583 474 649 hic
496 603 635 669 magnae
657 584 723 649 iam
747 585 837 650 locus
860 585 950 650 urbis
974 586 1045 653 erit

101 690 136 740 55
150 674 270 752 Roma,
293 675 386 738 tuum
407 693 527 738 nomen
549 672 644 738 terris
667 673 768 739 fatale
791 673 955 758 regendis,

197 761 267 838 Qua
291 784 350 827 sua
372 761 411 826 de
434 761 524 826 caelo
547 761 705 845 prospicit
727 784 805 831 arua
828 761 940 846 Ocres,

152 850 285 936 Quaque
308 853 422 934 patent
446 853 535 916 ortus
560 852 593 914 et
615 871 679 935 qua
702 850 906 916 fluitantibus
928 851 1029 917 undis

198 937 283 1004 Solis
307 939 499 1004 anhelantes
523 938 627 1003 abluit
650 939 755 1004 amnis
778 961 887 1024 equos.
956 985 958 988 ι

149 1027 248 1094 Troia
272 1027 400 1111 quidem
423 1031 500 1092 tunc
524 1047 558 1091 se
580 1027 752 1093 mirabitur
774 1032 808 1093 et
831 1028 894 1093 sibi
918 1027 1004 1093 dicet

103 1134 137 1182 oc
196 1114 265 1181 Vos
290 1116 370 1180 bene
392 1119 461 1180 tam
484 1115 584 1200 longa
607 1117 806 1193 consuluisse
829 1116 890 1180 via.

152 1204 240 1270 Vera
263 1225 358 1269 cano:
383 1204 429 1270 sic
451 1224 553 1287 usque
577 1223 684 1270 sacras
707 1205 841 1271 innoxia
862 1204 975 1270 laurus

192 1291 328 1376 Vesoar,
351 1296 385 1357 et
370 1295 574 1357 taeternum
598 1293 641 1357 sit
626 1293 744 1358 tmihi
766 1291 960 1376 virginitas'.

147 1379 240 1446 Haec
263 1343 458 1446 cecinitt
401 1385 458 1446 vat
459 1384 550 1446 eset
535 1383 605 1445 tte
629 1381 705 1466 sibi,
729 1381 873 1466 Phoebe,
896 1382 1038 1467 vocavit,

69 1530 72 1537 .
192 1468 262 1534 Ioot
248 1469 331 1535 tavit
316 1470 442 1535 tfusas
465 1472 498 1534 et
521 1473 618 1554 caput
640 1474 716 1535 ante
739 1492 858 1536 comas.

100 1574 134 1623 65
150 1557 312 1643 Quidquid
334 1557 522 1642 Amalthea,
547 1558 703 1644 quidquid
724 1558 906 1643 Marpessia
928 1558 1012 1624 dixit

192 1645 385 1730 Herophilo,
407 1646 516 1731 Phyto
540 1646 701 1732 Graiaque
725 1647 810 1733 quod
833 1647 973 1731 monuit,

149 1733 302 1819 Quasque
325 1734 455 1799 Aniena
478 1756 586 1801 sacras
610 1735 726 1801 Tiburs
753 1757 812 1820 per
834 1735 970 1800 flumina
995 1738 1100 1802 sortes

172 1822 340 1888 Portarit
364 1822 447 1888 sicco
471 1822 701 1908 pertuleritque
725 1825 811 1909 sinu,

149 1908 234 1998 (Hae
257 1911 327 1978 fore
350 1910 499 1976 dixerunt
520 1911 599 1978 belli
621 1913 709 1977 mala
732 1913 829 1998 signa
851 1915 1015 1997 cometen,

100 2017 133 2066 το
194 1999 280 2066 Mult
265 2005 318 2066 tus
342 2001 411 2066 ut
401 2023 436 2066 ιιι
458 2004 563 2067 terras
587 2000 814 2086 deplueretque
836 2001 933 2086 lapis:

147 2087 255 2174 Atque
278 2090 374 2155 tubas
398 2091 495 2174 atque
519 2112 611 2154 arma
633 2089 743 2155 ferunt
728 2090 971 2175 tstrepitantia
994 2091 1085 2156 caelo

192 2177 315 2243 Audita
337 2180 371 2241 et
392 2178 482 2242 lucos
504 2178 723 2262 praecinuisse
746 2179 872 2264 fugam,

125 2262 259 2348 Ipsum
283 2265 380 2329 etiam
404 2263 514 2335 Solem
537 2265 640 2332 defect
626 2269 696 2332 tum
718 2268 840 2334 lumine
862 2267 944 2333 vidit

192 2352 328 2438 Iungere
351 2354 510 2437 pallentes
533 2354 672 2421 nubilus
689 2377 793 2421 annus
817 2378 932 2441 equos,

98 2442 191 2509 tulit
214 2442 386 2508 simulacra
409 2442 504 2514 deum
527 2443 678 2508 lacrimas
700 2445 822 2510 fudisse
844 2447 993 2530 tepentes

190 2530 334 2616 Fataque
357 2532 485 2597 vocales
508 2532 754 2616 praemonuisse
777 2531 893 2618 boves)

145 2619 235 2686 Haec
258 2621 390 2685 fuerant
412 2620 503 2686 olim:
526 2621 583 2686 sed
606 2622 642 2685 tu
664 2620 730 2686 iam
753 2621 855 2707 mitis,
879 2620 1017 2707 Apollo,

189 2708 342 2794 Prodigia
365 2707 531 2774 indomitis
554 2730 664 2794 merge
687 2710 748 2775 sub
772 2710 984 2795 aequoribus:

144 2796 190 2861 Et
211 2801 368 2863 'succensa
391 2797 489 2861 sacris
514 2797 650 2882 crepitat
672 2798 753 2864 bene
777 2800 888 2865 laurea
910 2799 1068 2884 flammis,

96 2901 131 2950 80
190 2884 305 2951 Omina
329 2907 392 2971 quo
415 2884 493 2949 felix
515 2888 549 2949 et
515 2906 662 2952 esacer
685 2909 789 2953 annus
812 2887 883 2953 erit.

143 2971 267 3040 Laurus
291 2975 348 3040 ubi
371 2974 458 3040 bona
481 2974 576 3059 signa
599 2974 687 3040 dedit
691 3025 700 3060 ,
672 2976 861 3061 tgaudete
884 2976 1008 3042 coloni:

189 3060 363 3129 Distendet
385 3062 482 3148 spicis
506 3062 623 3129 horrea
647 3065 746 3148 plena
769 3063 880 3149 Ocres,

144 3148 234 3215 Oblit
219 3153 272 3216 tus
296 3155 330 3216 et
351 3157 460 3218 musto
425 3151 579 3218 tferiet
564 3152 682 3237 tpede
703 3155 843 3221 rusticus
866 3175 961 3239 uvas,

187 3238 285 3304 Delia
308 3239 385 3304 dum
407 3242 518 3326 magni
542 3240 757 3328 deficiantque
780 3242 880 3309 lacus

92 3325 190 3393 atAt
213 3326 360 3393 medidus
383 3327 512 3395 Baccho
537 3352 595 3396 sua
617 3330 703 3397 festa
668 3331 845 3397 tPalilia
866 3334 980 3414 pastor

188 3414 358 3483 Concinet·
331 3419 402 3482 ta
425 3418 598 3484 stabulist
583 3423 661 3485 tuno
683 3421 795 3504 procul
818 3423 886 3486 este
908 3419 989 3503 lupi
