2384 3848
122 181 166 246 94
481 132 528 236 ur.
547 177 777 236 proruamus

142 342 177 391 45
192 327 238 393 Et
259 326 397 392 nimium
420 325 517 390 remis
541 325 661 390 audant
683 347 796 409 prope:
819 329 914 412 turpe
937 325 1074 392 Latinos

233 414 384 499 Principe
406 418 441 479 te
463 414 579 480 fluctus
603 414 694 501 regia
716 414 790 480 vela
811 415 890 498 pati.

190 503 261 570 Nec
283 508 329 587 te,
352 504 438 589 quod
461 503 574 569 classis
597 503 740 568 centenis
763 503 901 588 remiget
924 503 999 589 alis,

235 592 384 658 Terreat:
407 592 511 659 invito
534 592 656 658 labitur
677 592 736 657 illa
758 593 854 658 mari:

192 681 349 767 Quodque
372 681 496 747 vehunt
517 702 633 765 prorae
648 679 843 747 Centaurica
866 703 946 747 saxa
968 681 1143 768 minantes,

141 785 176 835 50
234 770 340 855 Tigna
363 792 443 836 cava
465 773 499 835 et
521 770 625 854 pictos
649 770 811 854 experiere
834 773 950 836 metus.

190 858 330 946 Frangit
353 862 386 924 et
408 858 529 924 attollit
551 859 636 924 uires
659 859 694 923 in
717 858 819 924 milite
843 880 956 943 causa3

234 946 322 1023 Quae
344 948 409 1014 nisi
431 949 518 1013 iusta
542 949 667 1034 subest,
690 949 812 1014 excutit
836 970 926 1013 arma
948 948 1062 1032 pudor.
1090 999 1094 1005 .

67 1055 70 1059 ’
189 1035 333 1120 Tempus
353 1037 457 1121 adest,
476 1037 641 1102 committe
656 1039 757 1102 rates:
781 1057 841 1122 ego
856 1037 1012 1122 temporis
1028 1039 1141 1103 auctor

233 1123 359 1190 Ducam
382 1125 546 1212 laurigera
568 1125 654 1190 Iulia
675 1128 782 1192 rostra
804 1124 924 1191 manu?
1026 1155 1030 1159 ²

141 1228 174 1277 55
189 1211 336 1299 Dixerat,
359 1217 392 1278 et
414 1213 585 1298 pharetrae
608 1213 735 1299 pondus
759 1214 923 1280 consumit
944 1214 979 1279 in
1002 1236 1113 1281 arcus:

234 1301 387 1367 Proxima
409 1305 486 1385 post
509 1324 602 1367 arcus
625 1300 773 1369 Caesaris
797 1303 893 1368 hasta
914 1302 988 1368 fuit.

189 1389 302 1456 Vincit
323 1391 429 1456 Roma
451 1391 514 1456 fide
536 1391 672 1456 Phoebi:
697 1392 754 1458 dat
774 1392 898 1457 femina
920 1413 1060 1476 poenas:

233 1477 368 1565 Sceptra
389 1502 448 1564 per
469 1481 579 1546 Ionias
602 1481 708 1546 fracta
729 1480 891 1546 vehuntur
913 1501 1024 1564 aquas.

189 1567 235 1633 At
256 1572 350 1652 pater
371 1568 476 1635 Idalio
500 1570 637 1635 miratur
660 1569 779 1635 Caesar
803 1569 845 1635 ab
869 1571 971 1634 astro‘:

140 1670 175 1720 60
234 1654 332 1722 ‘Sum
355 1657 447 1741 deus3
471 1680 511 1723 en
533 1658 638 1723 nostri
662 1657 830 1743 sanguinis
852 1658 917 1723 ista
938 1656 1041 1722 fides?

188 1742 400 1831 Prosequitur
422 1750 520 1811 cantu
543 1746 673 1830 Triton,
696 1768 873 1831 omnesque
896 1744 1043 1812 marinae

232 1831 430 1899 Plauserunt
452 1835 538 1900 circa
561 1834 664 1900 libera
687 1836 783 1920 signa
805 1834 892 1900 deae.
1029 1838 1038 1857 ‘

188 1919 249 1985 Illa
271 1923 355 2006 petit
375 1920 487 1988 Nilum
510 1923 627 2008 cymba
649 1924 734 1988 male
756 1923 834 1989 nixa
856 1922 978 2008 fugaci,

233 2010 304 2077 Hoc
328 2024 441 2097 unum,
464 2012 553 2079 iusso
576 2034 642 2077 non
665 2012 824 2078 moritura
847 2011 906 2077 die.

141 2113 174 2162 oo
190 2096 233 2162 Di
256 2101 387 2167 melius!
419 2105 559 2186 quantus
582 2101 697 2165 mulier
718 2100 806 2167 foret
827 2121 894 2166 una
908 2099 1119 2185 triumphus,

233 2190 359 2254 Ductus
382 2192 453 2255 erat
474 2211 533 2273 per
556 2211 636 2273 quas
661 2192 736 2254 ante
758 2188 919 2275 Iugurtha
941 2187 1020 2254 vias.

189 2273 303 2342 Aetius
327 2276 403 2341 hinc
427 2278 527 2342 traxit
547 2276 696 2343 Phoebus
720 2279 943 2363 monumenta,
963 2277 1051 2362 quod
1070 2276 1139 2343 eius

233 2364 308 2430 Vna
330 2364 439 2430 decem
462 2366 540 2431 vicit
562 2367 663 2432 missa
686 2368 808 2452 sagitta
831 2368 927 2433 rates.

188 2454 283 2520 Bella
306 2453 386 2519 satis
410 2455 522 2520 cecini:
547 2454 707 2520 citharam
729 2456 795 2520 iam
818 2455 927 2539 poscit
949 2452 1070 2540 Apollo

141 2556 174 2605 70
232 2542 348 2609 Victor
370 2547 403 2607 et
426 2544 467 2609 ad
490 2543 635 2628 placidos
660 2545 748 2608 exuit
770 2564 861 2609 arma
884 2544 1010 2608 choros.

189 2631 334 2697 Candida
356 2654 442 2698 nunc
465 2633 558 2698 molli
582 2633 720 2698 subeant
742 2632 890 2698 convivia
913 2632 986 2697 luco

233 2720 479 2805 Blanditiasque
502 2721 607 2786 fluant
629 2743 687 2806 per
709 2742 782 2786 mea
806 2721 890 2786 oolla
912 2741 1022 2801 rosae,

188 2808 335 2893 Vinaque
357 2808 535 2874 fundantur
557 2810 655 2893 prelis
679 2810 758 2875 elisa
780 2809 941 2892 Falernis,

233 2897 358 2982 Terque
379 2897 469 2964 lavet
490 2900 622 2964 nostras
646 2898 736 2982 spica
758 2895 877 2963 Cilissa
899 2918 1020 2964 comas.

140 2998 173 3048 '15
187 2985 360 3136 Inqqsnium
382 2987 469 3072 potis
493 2987 604 3052 inritet
626 2987 722 3052 Musa
744 2987 885 3071 poetistr

261 3073 371 3159 acche,
395 3078 479 3142 soles
502 3075 635 3143 Phoebo
658 3076 775 3141 fertilis
799 3096 869 3140 esse
893 3077 959 3139 tuo.

187 3162 247 3227 Ille
269 3161 443 3245 paludosos
467 3168 625 3231 memoret
648 3164 767 3231 servire
791 3161 1003 3249 Sycambros,

233 3247 396 3334 Cepheam
418 3254 472 3325 hic
494 3253 629 3320 Meroen
650 3254 805 3339 fuscaque
828 3273 930 3337 regna
953 3254 1066 3335 canat,

187 3339 250 3405 Hic
273 3338 390 3405 referat
414 3364 486 3407 sero
509 3344 693 3409 confessum
716 3341 844 3407 foedere
868 3338 1041 3406 Parthum:

138 3446 173 3496 80
233 3427 493 3515 ‘Reddatsigna
516 3430 623 3517 Remi,
646 3454 721 3498 mox
744 3429 837 3495 dabit
858 3430 928 3513 ipse
952 3427 1041 3494 suat'
