2384 3848
432 200 479 258 VI.
499 200 727 257 PROPERTIVS
1045 202 1086 267 91

87 362 124 414 oo
140 345 339 412 Soandentes
363 346 508 432 quisquis
532 349 640 412 oernet
663 346 703 413 de
725 347 864 413 vallibus
888 370 990 432 arces,

181 434 319 521 Ingenio
342 455 453 500 muros
476 436 628 501 aestimet
650 437 704 500 ille
727 458 808 502 meo.

136 524 256 607 Roma,
278 523 367 609 fave,
389 524 452 589 tibi
475 524 581 610 surgit
604 546 700 609 opus,
723 524 796 590 dete
820 524 956 592 candide
979 526 1064 591 eires

182 611 313 695 Omina,
336 617 370 678 et
392 612 529 696 inceptis
552 613 684 678 dextera
707 616 817 678 cantet
840 613 919 679 avis.

70 779 72 783 Ι
138 699 237 767 Sacra
256 700 389 786 diesque
408 722 524 766 canam
543 704 576 766 et
592 702 787 787 cognomina
805 703 911 787 prisca
929 703 1088 769 locorum:

86 805 122 857 το
182 786 252 855 Hes
275 811 365 854 meus
390 790 557 855 admetus
581 790 675 855 sudet
699 794 829 873 oportet
852 813 963 875 equus.

484 1001 514 1068 5.
548 999 593 1087 (V
618 999 674 1089 ro.)

439 1122 481 1178 De
499 1122 566 1179 love
585 1121 719 1199 Feretrio.

137 1232 235 1300 Nune
253 1232 340 1299 Iouis
364 1233 519 1318 incipiam
543 1255 657 1300 causas
682 1232 806 1316 aperire
830 1233 955 1300 Feretri

183 1320 348 1407 Armaque
371 1322 410 1386 de
434 1322 569 1388 ducibus
592 1323 679 1388 trina
701 1325 832 1407 recepta
855 1323 969 1388 tribus.

113 1409 294 1564 >Magnum
316 1411 380 1477 iter
403 1410 576 1495 adscendo,
600 1411 656 1476 sed
679 1410 736 1475 dat
758 1410 840 1475 mihi
863 1411 969 1497 gloria
990 1412 1089 1479 vires:

217 1521 261 1565 on
282 1498 373 1566 iuvat
396 1521 413 1564 e
436 1499 526 1565 faoili
548 1500 633 1565 leota
656 1519 776 1565 corona
798 1498 885 1582 iugo.

107 1587 263 1654 olmbuis
286 1588 468 1672 exemplum
490 1589 616 1673 primae
639 1591 688 1671 tu,
711 1586 863 1674 Romule,
884 1588 1012 1672 palmae

182 1674 302 1759 Huius,
325 1681 358 1742 et
381 1677 495 1743 exuvie
518 1678 632 1762 plenus
656 1677 698 1742 ab
721 1675 815 1742 hoste
838 1675 939 1761 redis,

138 1764 299 1851 Tempore
322 1787 386 1852 quo
409 1769 522 1850 portas
542 1763 721 1832 Caeninum
741 1764 885 1831 Aeronta
907 1768 1071 1849 petentem

184 1852 300 1920 Viator
323 1855 358 1920 in
381 1876 527 1920 eversum
550 1854 683 1940 cuspide
706 1854 814 1919 fundis
837 1875 964 1940 equum.

116 1939 250 2007 ¹Acron
273 1942 451 2009 Herculeus
476 1942 619 2009 Caenina
641 1943 755 2008 ductor
778 1942 819 2006 ab
844 1963 930 2026 aree,

89 2046 124 2097 10
183 2030 300 2115 Roma,
322 2033 387 2097 tuis
412 2032 576 2118 quondam
597 2031 717 2096 finibus
741 2030 857 2096 horror
880 2035 959 2096 erat.

140 2117 204 2185 Hie
227 2120 333 2204 spolia
356 2143 395 2186 ex
417 2120 537 2186 umeris
552 2142 659 2189 ¹ausus
684 2140 814 2204 sperare
838 2117 964 2195 Quirini

185 2205 259 2292 Ipse
283 2209 385 2294 dedit,
408 2209 464 2274 sed
487 2230 555 2275 non
578 2208 736 2295 sanguine
760 2208 845 2275 siooa
869 2229 936 2273 suo.

139 2295 235 2362 Hune
258 2296 347 2363 videt
369 2301 444 2363 ante
467 2320 562 2364 cavas
585 2299 761 2364 librantem
784 2297 908 2382 spicula
931 2301 1036 2362 turres

183 2383 341 2452 Romulus
365 2391 399 2452 et
421 2387 507 2452 votis
530 2389 669 2470 ooeupat
690 2389 766 2450 ante
789 2386 888 2451 ratis:

90 2488 123 2539 15
139 2472 314 2559 ‘Iuppiter,
341 2475 422 2540 haee
444 2474 542 2540 hodie
570 2475 631 2539 tibi
654 2475 787 2540 victima
811 2477 939 2539 corruet
958 2473 1089 2538 Acron?

184 2560 341 2648 Voverat,
364 2567 397 2628 et
421 2563 560 2648 spolium
584 2562 706 2628 corruit
728 2561 782 2626 ille
805 2560 884 2627 Ioui.

139 2648 239 2715 Vrbis
262 2651 456 2737 virtutisque
479 2674 596 2735 parens
621 2650 667 2716 sie
690 2650 817 2715 vincere
841 2649 961 2733 suevit,

183 2738 246 2815 Qui
268 2740 345 2805 tulit
369 2741 478 2825 aprico
502 2740 622 2826 frigida
644 2743 752 2805 eastra
775 2736 866 2804 Lare.

137 2827 228 2893 Idem
252 2849 350 2914 eques
372 2833 405 2894 et
428 2829 544 2914 frenis,
567 2827 653 2893 idem
676 2828 740 2893 fuit
762 2830 858 2912 aptus
882 2825 1013 2910 aratris,

88 2932 124 2983 20
182 2915 228 2981 ut
250 2916 345 3001 galea
367 2918 501 2983 hirsutis
525 2920 657 3001 compta
680 2916 793 3001 lupina
814 2915 909 2980 iubis.

138 3003 232 3070 Pieta
254 3027 359 3091 neque
382 3005 525 3072 inducto.
538 3006 686 3091 fulgebat
708 3026 823 3088 parma
846 3023 988 3088 pyropo:

128 3147 131 3155 .
185 3091 389 3160 Praebebunt
412 3095 498 3161 oaesi
521 3094 629 3160 baltea
653 3094 744 3159 lenta
767 3093 876 3159 bores.

138 3179 260 3247 Cossus
284 3186 318 3249 at
340 3183 523 3269 insequitur
545 3182 695 3249 Veientis
718 3182 814 3247 oaede
837 3180 1005 3264 Tolumni,

183 3268 322 3336 Vincere
345 3292 419 3338 oum
437 3272 537 3338 Veios
561 3293 657 3355 posse
680 3271 802 3336 laboris
825 3273 911 3354 erat,
1085 3347 1089 3353 ⁵

86 3372 122 3424 ao
137 3356 284 3424 Necdum
307 3361 395 3426 ultra
418 3360 564 3426 Tiberim
585 3360 664 3425 belli
686 3381 799 3444 sonus,
827 3358 944 3424 ultima
967 3358 1089 3442 praeda
1178 3436 1183 3443 ι

181 3445 381 3515 Nomentum
406 3452 439 3515 et
460 3452 575 3534 oaptae
597 3448 711 3534 iugera
733 3450 829 3513 terna
850 3444 966 3512 Corae.
