2384 3848
340 217 344 222 ·
429 195 476 251 IV.
497 194 689 251 CATVLLVS
1025 196 1067 260 61

72 355 137 393 nam
159 338 318 406 mulierem,
345 352 412 393 vero
435 337 547 392 nomine
571 336 699 393 Clodiam
721 341 866 405 vocatam,
895 355 952 392 non
976 338 1068 393 minus

72 425 160 496 lgenii
173 418 413 496 elegmtia‘qusm
426 442 536 481 morum
550 426 768 496 intemperantia
780 426 928 498 insignem,
947 443 1069 482 sororem

73 556 80 568 .
96 513 192 570 clodii
208 512 317 569 tribuni
339 514 431 583 plebis
450 515 540 580 {fuisse
563 531 615 585 pro
635 519 711 570 oerto
734 515 837 572 habere
855 516 947 571 lieet·
970 515 1070 586 Super·

72 607 117 658 mt
135 603 199 674 plus
218 602 240 659 G
259 602 319 658 eius
339 603 463 658 earmina
478 605 594 673 praeter
611 621 697 659 unum
712 604 788 674 quod
801 604 838 658 ad
852 603 963 674 epionm
982 621 1070 674 genus

392 693 501 748 aceedit
519 691 608 762 lyrioa
626 692 729 748 omnia.

478 873 504 935 1.
542 869 582 958 (o.
603 870 641 957 1.)

364 957 409 1012 Ad
429 957 588 1013 Cornelium
606 959 756 1028 Nepotem.

120 1048 182 1116 Oui
206 1050 290 1116 dono
313 1048 456 1133 lepidum
478 1071 598 1114 novum
621 1050 766 1115 libellum

123 1138 226 1204 Arida
248 1138 344 1203 modo
367 1138 494 1222 pumice
517 1140 716 1224 expolitum?

120 1227 265 1311 Corneli,
287 1227 363 1292 tibi:
387 1249 527 1312 namque
549 1233 586 1293 tu
610 1228 736 1293 solebas

119 1316 212 1382 Meas
235 1337 305 1381 esse
329 1315 452 1400 aliquid
474 1320 589 1399 putare
611 1337 730 1400 nugas,

88 1404 192 1470 olam
214 1408 285 1469 tum
308 1425 380 1469 eum
404 1426 501 1468 ausus
525 1426 559 1469 es
582 1427 665 1469 unus
688 1404 844 1470 Italorum

119 1491 228 1558 Omne
249 1515 363 1558 aevum
386 1493 491 1558 tribus
516 1494 676 1577 explicare
700 1493 821 1558 chartis

118 1581 246 1666 Dootis,
269 1582 428 1667 Iuppiter,
452 1585 486 1648 et
508 1582 689 1647 laboriosis,

121 1670 228 1747 Quare
250 1670 335 1735 habe
358 1671 421 1735 tibi
445 1670 599 1756 quidquid
621 1670 683 1735 hoo
706 1670 822 1752 libelli,

120 1757 374 1844 Qualeeumqne:
398 1759 498 1843 quod,
522 1782 541 1824 o
564 1764 704 1843 patrona
726 1759 835 1843 virgo,

72 1864 105 1914 10
120 1847 200 1912 Plus
224 1870 289 1913 uno
313 1853 444 1913 maneat
466 1870 607 1932 perenne
631 1849 746 1913 saeclo.

472 1991 502 2053 2.
534 1985 574 2074 (a.
593 1987 652 2073 46.)

437 2075 520 2143 Vale,
540 2075 683 2143 Bithynia.

123 2166 194 2231 Iam
217 2189 273 2232 ver
297 2166 440 2251 egelidos
464 2168 564 2232 refert
586 2172 730 2252 tepores,

119 2254 192 2320 Iam
216 2255 298 2320 caeli
320 2255 411 2322 furor
434 2257 680 2342 aequinoctialis

121 2344 274 2409 Iucundis
297 2343 437 2428 Zephyri
461 2346 584 2411 silescit
607 2345 703 2410 auris.

123 2432 332 2517 Linquantur
350 2431 499 2517 Phrygii,
523 2433 661 2517 Catulle,
685 2433 790 2516 eampi

92 2520 328 2607 &Nicaeaeque
353 2543 431 2607 ager
454 2523 534 2586 uber
557 2526 738 2587 aestuosae:

123 2609 175 2674 Ad
199 2610 304 2674 claras
328 2610 427 2674 Asiae
451 2611 595 2675 volemus
619 2610 724 2675 urbes.

122 2697 192 2764 Iam
215 2720 306 2763 mens
330 2699 572 2783 praetrepidans
596 2702 670 2763 avet
693 2697 819 2782 vagari,

125 2786 195 2852 Iam
218 2788 298 2851 laeti
322 2788 428 2852 studio
452 2788 549 2870 pedes
572 2789 754 2873 vigescunt.

123 2874 150 2940 Ο
175 2875 283 2941 dulces
308 2877 464 2941 comitum
487 2877 591 2942 valete
616 2881 740 2959 noetus,

78 2979 109 3029 10
123 2963 236 3049 Longe
261 2986 342 3049 quos
367 2965 464 3029 simul
487 2988 506 3029 a
529 2966 624 3032 domo
648 2965 810 3050 profectos

122 3051 260 3118 Diverse
285 3054 373 3118 varie
396 3055 467 3118 viae
492 3058 668 3139 reportant.

467 3179 497 3242 3.
531 3172 666 3264 (aron)

403 3263 448 3318 Ad
465 3264 561 3319 fratris
579 3266 729 3320 tumulum.

124 3351 245 3418 Multas
270 3375 327 3437 per
350 3358 463 3440 gentes
487 3358 519 3419 et
542 3357 645 3420 multa
666 3377 724 3440 per
748 3378 888 3441 aequora
911 3359 1022 3420 vectus

168 3441 316 3508 Advenio
339 3443 399 3508 has
423 3445 570 3531 miseras,
595 3445 711 3532 frater,
732 3446 777 3511 ad
796 3445 952 3526 intentas,
