2384 3848
128 197 172 262 90
481 194 528 248 vr.
548 192 777 275 proruamus

194 340 303 406 Prima
326 341 480 427 galeritus
503 340 614 424 posuit
636 340 799 425 praetoria
822 338 983 423 Lyemou,

145 447 180 496 30
237 429 421 514 Magnaque
443 450 519 513 pars
543 428 639 495 Tatio
662 449 770 492 rerum
792 431 863 492 erat
885 428 971 493 inter
994 448 1081 494 oves.

195 518 282 583 Hine
305 517 431 583 Titiens
454 516 659 602 Ramnesque
682 517 745 581 viri
767 515 969 601 Luceresque
993 516 1117 603 uoloni,

240 606 402 684 Quattuor
424 606 500 671 bine
523 606 616 671 albos
639 605 798 671 Romulus
821 605 889 690 egit
911 626 1020 690 equos.

195 695 320 779 Quippe
344 695 549 760 suburbanae
572 716 672 780 parva
695 694 822 760 eminus
845 695 926 760 urbe
948 693 1113 780 Bovillae,

239 784 297 863 Et,
320 782 376 868 qui
397 805 482 848 nuno
505 783 600 867 nulli,
623 783 767 849 maxima
788 783 886 848 turba
909 781 1002 848 Gabi.

145 888 181 939 aa
195 872 240 937 Et
263 873 356 937 stetit
378 872 464 937 Alba
486 876 618 956 potens,
641 872 734 937 albae
758 872 825 936 suis
848 871 956 937 omine
978 874 1073 954 nata,

241 961 325 1046 Hae,
347 961 405 1026 ubi
426 960 565 1026 Fidenas
589 961 689 1046 longa
712 963 783 1026 erat
804 960 869 1024 isse
892 959 953 1024 via.

194 1048 251 1115 Nil
273 1050 415 1133 patrium
437 1049 500 1114 nisi
523 1070 642 1115 nomen
665 1049 764 1114 habet
787 1047 953 1113 Romanus
981 1048 1148 1115 alumnus:

240 1136 413 1222 Sanguinis
437 1137 582 1202 altricem
605 1159 673 1202 non
696 1137 796 1222 pudet
818 1157 888 1202 esse
910 1137 1032 1220 lupam.

196 1225 269 1292 Hua
292 1225 406 1290 melius
430 1225 587 1310 profugos
610 1225 742 1311 misisti,
765 1225 877 1309 Troia,
899 1228 1044 1310 penates.

144 1331 182 1382 40
240 1313 267 1380 0
290 1314 379 1399 quali
401 1317 495 1379 vecta
517 1317 568 1379 ast
590 1313 744 1380 Dardana
765 1314 886 1399 puppis
908 1315 980 1380 ave!

193 1403 265 1469 Iam
284 1404 365 1469 bene
385 1401 590 1487 spondebant
607 1406 685 1468 tune
704 1404 828 1487 omina,
850 1403 936 1487 quod
953 1401 1037 1467 nihil
1056 1402 1150 1469 illam

241 1492 395 1557 Laeserat
418 1491 549 1577 abiegni
572 1496 687 1557 venter
710 1495 840 1575 apertus
863 1490 950 1576 equi,

196 1578 277 1646 Cum
300 1584 394 1664 pater
415 1581 450 1645 in
472 1580 543 1645 nati
565 1580 711 1664 trepidus
735 1579 857 1646 oerviee
880 1576 1048 1666 pependit,

239 1668 285 1733 Et
307 1669 410 1733 verita
434 1671 485 1734 est
506 1690 635 1734 umeros
658 1690 751 1734 urere
772 1669 905 1734 flamma
925 1667 1009 1752 pios.

146 1773 182 1823 4⁶
197 1756 289 1822 Tune
312 1757 413 1822 animi
435 1777 551 1822 venere
575 1756 654 1822 De'oi
676 1756 834 1843 Brutique
858 1777 999 1841 secures,

241 1844 340 1910 Vexit
364 1848 397 1911 et
419 1845 491 1929 ipsa
515 1845 566 1909 sui
589 1843 734 1910 Caesaris
758 1867 848 1911 arma
869 1844 1010 1930 Venus,
1095 1847 1098 1851 ’

196 1933 299 1999 Arma
321 1933 523 2019 resurgentis
545 1937 681 2018 portans
704 1934 850 1999 viatrioia
872 1932 1006 1999 Troiae:

241 2022 332 2089 Felix
353 2026 440 2088 terra
462 2026 537 2088 tuos
561 2024 661 2107 oepit,
683 2022 769 2106 Iule,
793 2021 882 2105 deos3

198 2110 232 2176 Si
255 2111 352 2176 modo
375 2109 549 2176 Avernalis
572 2110 730 2175 tremulae
754 2110 879 2176 eortina
902 2108 1050 2194 Sibyllae

147 2215 183 2266 ao
240 2198 332 2262 Dixit
354 2199 517 2264 Aventino
539 2221 615 2263 rura
637 2199 758 2282 pianda
780 2197 896 2283 Remo,

195 2286 264 2351 Aut
286 2287 314 2351 si
337 2285 534 2372 Pergameae
557 2308 628 2352 sero
651 2292 724 2353 rata
747 2287 891 2353 earmina
912 2286 998 2352 vatis
1028 2306 1035 2316 “

242 2375 450 2461 Longaevum
474 2375 515 2440 ad
537 2374 659 2440 Priami
680 2397 759 2441 vera
780 2375 868 2441 fuere
891 2379 1004 2460 eaput:

197 2463 340 2529 ‘Vertite
364 2485 497 2549 equum,
519 2463 640 2529 Danai!
669 2465 755 2530 male
777 2464 919 2529 sinaitis:
942 2462 1006 2528 Ilia
1028 2456 1127 2530 t'allua

239 2552 350 2637 Vivet,
374 2556 407 2617 et
428 2552 503 2619 huie
526 2553 638 2633 oiueri¹
649 2551 796 2638 Iuppiter
819 2574 911 2618 arma
934 2551 1048 2617 dabit’

145 2657 181 2708 aa
196 2641 328 2726 Optima
350 2642 513 2706 nutricum
535 2641 657 2707 nostris
679 2641 758 2724 lupa
779 2640 899 2706 Martia
921 2640 1033 2727 rebus,

242 2728 357 2805 Qualia
380 2733 550 2795 oraverunt
572 2729 702 2795 moenia
724 2730 807 2795 laete
830 2730 902 2794 tuol

169 2900 171 2904 y
195 2816 327 2883 Moenia
348 2839 489 2904 namque
512 2818 566 2904 pio
590 2837 690 2884 eonor
711 2818 882 2902 disponere
904 2838 1016 2883 versu:

240 2906 283 2972 Ei
306 2906 403 2992 mibi,
431 2907 517 2991 quod
539 2910 653 2972 nostro
677 2909 728 2973 est
748 2928 867 2991 parvus
895 2907 931 2971 in
955 2927 1012 2972 ore
1036 2907 1146 2989 sonus!

196 2992 259 3059 Sed
281 2999 394 3061 tamen
416 2995 534 3080 exiguo
557 2996 779 3081 quodcumque
802 3017 820 3060 e
843 2997 975 3080 pectore
998 2994 1063 3061 rivi

147 3100 185 3148 eo
242 3081 403 3168 illuxerit,
425 3084 487 3150 hoo
509 3083 635 3167 patriae
658 3085 777 3149 serviet
799 3104 895 3149 omne
918 3103 1020 3149 meae.

195 3170 323 3235 Ennius
345 3172 472 3238 hirsuta
495 3172 606 3258 cingat
629 3194 687 3238 sua
711 3173 798 3238 dieta
822 3193 954 3239 eorona:

239 3257 287 3323 Mi
310 3258 390 3324 folia
412 3281 451 3325 ex
473 3261 592 3327 hedera
614 3261 755 3347 porrige,
780 3260 923 3344 Baoohe,
945 3263 1018 3346 tua,

148 3354 151 3361 '
195 3348 246 3415 Vt
263 3349 385 3414 nostris
408 3349 584 3414 tumefacta
608 3349 774 3435 superbiat
791 3348 930 3415 Vmbria
953 3348 1065 3434 libris,

240 3436 377 3502 Vmbria
399 3435 541 3502 Romani
564 3439 671 3522 patria
694 3434 894 3503 Callimachi.
