2384 3848
121 121 166 184 44
490 117 538 174 ΠΙ,
558 114 763 173 LVCRETIVS

190 262 360 329 Divitior-is
383 261 470 327 enim
492 264 613 326 sectam
635 261 825 344 plerumque
848 263 1030 344 sequuntur
1125 310 1128 315 .

190 351 387 427 Quamlubet
409 354 443 416 et
465 350 567 416 fortes
591 352 625 414 et
646 348 784 433 pulchro
807 369 941 432 corpore
965 348 1056 414 oreti.

190 440 282 527 Quod
306 439 335 504 si
357 439 429 523 quis
451 460 528 504 vera
550 438 653 503 vitam
674 437 800 502 ratione
824 436 997 522 gubernet,

190 528 332 593 Divitiae
357 527 496 612 grandes
518 527 644 591 homini
667 528 744 590 sunt
767 526 873 590 vivere
895 546 992 608 paros

125 634 177 683 330
192 615 307 700 Aequo
321 617 443 681 animo:
460 636 565 700 neque
575 615 662 679 enim
672 616 722 679 331
731 635 883 698 umquam
892 614 1031 696 penuria
1038 615 1144 699 parvi

191 705 237 770 At
260 705 366 769 claros
388 705 537 770 homines
560 703 734 768 voluerunt
757 723 791 767 se
815 704 912 787 atqua
934 705 1103 788 potentes,

192 792 240 859 Vt
263 793 473 859 fundamento
498 791 608 858 stabili
629 791 762 856 fortuna
783 793 930 856 maneret

191 881 237 948 Et
258 882 421 966 placidam
443 884 578 966 possent
601 879 746 963 opulenti
769 878 885 964 degere
908 878 1023 965 vitem,

190 966 1144 1055 Nequiequam,qnoniamndsummumsuccederehonorem

125 1056 360 1124 333030130133
383 1058 445 1122 iter
467 1057 623 1121 infestum
645 1057 750 1121 feeere
772 1056 851 1139 viai,

191 1145 236 1210 Et
256 1149 367 1210 temen
390 1166 407 1209 e
430 1166 573 1230 summe,
596 1145 689 1229 quasi
711 1145 849 1228 fulmen,
871 1143 968 1209 deicit
990 1145 1075 1210 13103

191 1233 318 1299 Invidia
340 1234 504 1305 interdum
528 1234 737 1317 contemptim
759 1234 795 1297 in
817 1232 955 1297 Tartara
976 1235 1098 1299 taetra:

191 1321 317 1387 Invidia
341 1323 507 1408 quoniam,
531 1343 588 1387 030
611 1322 758 1404 fulmine,
781 1343 909 1386 summa
931 1325 1093 1405 vaporant

192 1411 384 1495 Plerumque
407 1414 440 1476 et
458 1432 540 1496 quae
563 1413 640 1475 sunt
661 1411 734 1474 eliis
758 1411 863 1497 magis
887 1409 973 1474 edita
991 1431 1144 1494 eumque:

125 1514 178 1564 340
193 1498 239 1564 Vt
261 1500 364 1564 satius
387 1500 489 1563 multo
512 1500 579 1564 iam
602 1498 646 1563 sit
668 1519 780 1582 parere
803 1497 948 1583 quietum

196 1586 300 1662 Quam
322 1606 435 1670 regere
458 1588 593 1671 imperio
616 1608 668 1651 res
692 1586 775 1651 velle
797 1590 831 1650 et
852 1606 955 1670 regna
976 1589 1098 1653 tenere.

191 1673 332 1738 Proinde
355 1675 423 1738 sine
446 1675 483 1739 in
505 1696 634 1739 cassum
656 1673 775 1739 defessi
798 1674 955 1759 sanguine
979 1673 1140 1762 sudent,‘

192 1763 378 1847 Angustum
401 1784 458 1846 per
479 1763 542 1827 iter
563 1762 723 1828 luctantes
747 1762 955 1846 3001311100133ι

196 1849 463 1934 Quandoquidem
486 1851 618 1935 sapiunt
641 1851 746 1917 alieno
770 1872 808 1916 ex
832 1872 887 1916 ore
909 1852 1090 1937 petuntque

126 1939 256 2005 3431133
280 1961 319 2004 ex
342 1939 461 2004 auditis
483 1940 592 2024 potius
615 1961 712 2023 quam
736 1939 884 2005 sensibus
907 1939 1002 2024 ipsis,

191 2026 260 2093 Neo
270 2029 375 2113 magis
385 2029 419 2093 id
426 2050 519 2093 nuno
527 2031 577 2107 331
590 2049 694 2112 neque
708 2029 770 2093 erit
783 2049 859 2093 mox
870 2049 968 2113 quam
980 2027 1046 2092 fuit
1057 2031 1146 2095 ante.

236 2115 326 2199 Ergo
349 2115 505 2200 regibus
529 2117 671 2180 occisis
695 2116 850 2182 subversa
872 2115 1001 2181 iacebat

191 2202 334 2267 Pristinu
356 2204 510 2268 maiestas
533 2204 688 2270 soliorum
712 2208 745 2269 et
768 2208 896 2288 sceptra
918 2203 1077 2291 superba,

97 2319 101 2328 ·
191 2290 237 2356 Et
260 2291 374 2373 ospitis
399 2293 515 2357 summi
536 2292 738 2376 praeclarum
760 2293 890 2377 insigne
913 2296 1084 2358 cruentum

126 2396 179 2446 330
193 2378 260 2444 Sub
283 2379 418 2463 pedibus
442 2381 532 2466 volgi
554 2401 709 2465 magnum
732 2380 1062 2466 lugebathonorem:

191 2467 278 2534 Nam
302 2468 415 2552 cupide
439 2470 645 2535 conculcatur
666 2469 765 2534 nimis
789 2473 864 2534 ante
886 2471 1055 2534 metatum.

192 2555 257 2621 Bes
279 2557 389 2642 itaque
413 2557 455 2622 ad
478 2579 638 2623 summam
660 2557 783 2623 faecem
805 2558 981 2642 turbasque
1003 2557 1145 2644 redibat,

191 2643 367 2728 Imperium
390 2644 453 2710 sibi
464 2667 549 2711 enm
572 2667 610 2711 ao
630 2649 827 2711 summatum
846 2646 981 2731 quisque
998 2647 1144 2730 petebat.

191 2732 271 2798 Inde
293 2733 564 2818 magistratum
586 2734 709 2818 partim
732 2735 867 2800 docuere
890 2755 1012 2818 ereare,

125 2837 178 2888 333
192 2820 356 2906 luraque
379 2821 635 2907 constituere,
657 2825 695 2887 ut
716 2822 837 2887 vellent
859 2822 1012 2907 legibus
1035 2824 1092 2888 011.

192 2907 278 2974 Nam
300 2931 404 2995 genus
430 2910 619 2994 humanum,
646 2910 805 2975 defessum
828 2912 861 2976 vi
883 2911 988 2976 colere
1012 2932 1144 2998 aerum,

193 2995 243 3063 Ex
265 2998 445 3067 inimicitiis
467 2999 661 3084 languebat3
685 3020 749 3083 quo
773 3001 877 3084 magis
900 2999 1007 3083 ipsum

195 3081 319 3169 Sponte
342 3107 402 3151 aua
423 3086 539 3152 eeeidit
561 3087 621 3152 sub
644 3089 734 3173 leges
757 3091 892 3172 artaque
913 3088 994 3152 iura.

192 3172 308 3239 Acrius
332 3194 370 3238 ex
393 3174 442 3238 ira
465 3176 550 3260 quod
574 3177 661 3241 enim
684 3197 718 3241 se
742 3177 877 3262 quisque
900 3176 1040 3258 parebat
1093 3175 1100 3183 ’

125 3276 179 3326 330
193 3260 314 3327 Vleiaei
337 3282 435 3346 quam
457 3283 544 3329 0003
566 3285 755 3330 eoncessum
778 3268 830 3329 est
850 3264 978 3349 legibus
1002 3264 1129 3350 aequis,

191 3348 287 3416 Hanc
301 3350 342 3415 ob
356 3371 425 3416 rem
440 3353 490 3415 ert
503 3351 650 3418 homines
664 3356 848 3437 pertaesum
857 3353 891 3418 vi
902 3353 1007 3436 eolere
1018 3373 1145 3420 aevum.

63 3442 125 3552 k
