2384 3848
452 652 480 726 Ι.
514 655 549 736 Q.
568 657 699 728 Ennius

63 790 149 844 natus
164 804 237 843 anno
250 806 277 859 p.
283 787 316 844 U.
325 805 348 843 c.
357 793 409 843 515
418 790 480 857 (239
492 805 516 845 a.
526 788 588 845 Chr.
596 792 636 859 n.)
644 788 754 858 Rudiis,
768 790 798 844 in
812 789 917 860 oppido
927 789 1083 859 Calabriae,

63 876 142 932 bello
160 876 267 932 Punico
286 878 409 933 secundo
427 877 458 932 in
471 878 661 934 Romanorum
675 878 799 934 exercitu
814 877 954 950 stipendia
972 894 1084 933 merens

63 981 90 1022 a.
109 964 226 1037 560l204
245 981 262 1019 a
279 965 317 1022 M.
336 966 436 1023 Porcio
455 967 562 1022 Catone
585 969 732 1036 quaestore
756 983 790 1021 ex
813 965 943 1021 Sardinia
964 968 1083 1021 Romam

63 1055 202 1110 deductus
217 1057 261 1110 eat
273 1054 370 1124 ibique
383 1055 489 1128 insigni
502 1055 639 1112 facultate
652 1054 766 1127 poetica
774 1055 934 1126 Scipionum
949 1055 1082 1111 aliorum-

63 1160 120 1212 que
137 1143 275 1199 nobilium
292 1144 418 1200 favorem
437 1144 491 1201 sibi
509 1144 678 1201 conciliarit.
715 1145 749 1201 A.
763 1150 878 1223 botsl89
896 1144 934 1199 Μ.
950 1143 1083 1199 Fulvium

62 1231 240 1288 Nobiliorem
265 1234 408 1306 consulem
432 1234 540 1289 bellum
568 1251 631 1289 cum
655 1233 763 1290 Aetolis
791 1235 935 1304 gerentem
962 1235 1082 1301 secutus,

62 1321 187 1391 quinque
214 1322 294 1378 annis
318 1326 384 1393 post
407 1341 424 1379 a
448 1323 479 1389 Q.
498 1323 598 1379 Fulvio
620 1323 710 1378 Marci
732 1321 791 1378 filio
819 1322 934 1378 civitate
961 1321 1082 1385 donatus

63 1415 115 1466 eat.
144 1412 280 1490 'Mortuus
302 1413 346 1467 eat
363 1428 389 1466 a.
408 1410 533 1482 catsrca.
570 1409 690 1480 Scripsit
707 1411 853 1466 annalium
875 1410 963 1465 libros
981 1409 1082 1480 XVIII,

396 1499 520 1568 fabulas,
540 1501 662 1569 saturas,
681 1500 746 1555 alia.

343 1700 372 1762 1.-
402 1695 502 1782 (Ann.
527 1697 543 1761 1
565 1715 661 1761 nxxn
684 1695 803 1783 varan.)
881 1727 886 1741 ·

214 1800 313 1872 Erepti
331 1800 445 1856 Romuli
463 1799 633 1856 desiderium
651 1800 772 1870 populus
791 1800 931 1871 exprimit.

151 1908 287 1975 Pectora
309 1910 374 1974 fida
396 1913 486 1974 tonet
508 1908 716 1992 desiderium,
741 1908 838 1973 simul
860 1910 948 1974 inter

153 1995 229 2064 Sese
254 1998 300 2063 sic
322 2000 518 2064 memorant:
542 1997 574 2063 ‘o
597 1996 748 2080 Romule,
770 1997 909 2062 Romule
933 1997 998 2083 die,

152 2087 288 2164 Qualem
310 2090 344 2152 te
365 2087 493 2173 patriae
516 2085 683 2152 custodem
706 2086 739 2151 di
762 2087 955 2171 genuerunt!

152 2174 310 2260 Opater,
334 2199 353 2242 o
378 2176 521 2261 genitor,
544 2197 563 2241 o
587 2195 736 2259 sanguen
759 2175 808 2240 dis
832 2175 1017 2241 oriundum!

111 2280 127 2329 a
151 2263 200 2329 Tu
223 2265 406 2349 produxisti
428 2286 489 2330 nos
512 2265 599 2329 intra
622 2264 757 2329 luminis
780 2263 876 2331 oras?

401 2423 432 2488 2.
464 2419 566 2510 (Ann.
590 2421 748 2507 VIx111.)

95 2523 198 2597 Pyrrhi
219 2527 287 2595 post
309 2543 434 2596 pugnam
451 2526 668 2581 Heracleensem
692 2525 727 2580 da
750 2525 869 2595 captivis
891 2524 1043 2580 reddendis

496 2614 643 2669 sententia.

147 2704 217 2771 Nec
240 2706 286 2769 mi
309 2728 423 2770 aurum
446 2726 544 2790 posco
567 2725 627 2769 nec
651 2705 698 2770 mi
720 2705 858 2789 pretium
881 2704 1049 2770 dederitis:

148 2795 225 2861 Non
249 2798 468 2878 cauponantes
491 2793 629 2878 bellum,
654 2794 710 2858 sed
732 2793 975 2880 belligerantes,

148 2883 262 2965 Ferro,
284 2882 351 2948 non
374 2905 453 2948 auro
477 2882 579 2947 vitam
604 2903 773 2947 cernamus
796 2881 934 2966 utrique.

149 2972 261 3038 Vosne
284 2972 364 3037 velit
388 2993 429 3036 an
448 2993 501 3036 me
518 2991 655 3057 regnare
674 2992 730 3034 era
747 2968 866 3053 quidve
884 2970 968 3035 ferat
984 2970 1077 3056 Fors,

105 3076 121 3126 5
147 3061 277 3126 Virtute
300 3061 514 3145 experiamur.
552 3063 585 3125 et
602 3060 664 3124 hoo
688 3058 786 3123 simul
810 3060 920 3145 accipe
939 3060 1076 3126 dictum:

149 3149 293 3226 Quorum
317 3149 433 3215 uirtuti
456 3149 535 3215 belli
557 3148 690 3213 fortuna
713 3148 872 3234 pepercit,

147 3237 334 3304 Eorundem
356 3238 503 3305 libertati
526 3247 578 3301 me'
601 3258 731 3320 parcere
756 3241 878 3302 certum
901 3240 960 3302 est.

148 3327 244 3394 Dono
268 3326 375 3392 ducite
399 3328 504 3412 doque
526 3327 712 3392 uolentibus
736 3348 809 3391 cum
834 3326 961 3411 magnis
984 3323 1043 3389 dia.

281 3455 284 3461 .
826 3430 861 3482 1⁷5
