<?xml version="1.0" encoding="UTF-8"?>
<!DOCTYPE html PUBLIC "-//W3C//DTD XHTML 1.0 Transitional//EN"
    "http://www.w3.org/TR/xhtml1/DTD/xhtml1-transitional.dtd">
<html xmlns="http://www.w3.org/1999/xhtml" xml:lang="en" lang="en">
 <head>
  <title>
</title>
<meta http-equiv="Content-Type" content="text/html;charset=utf-8" />
  <meta name='ocr-system' content='tesseract 3.04.00' />
  <meta name='ocr-capabilities' content='ocr_page ocr_carea ocr_par ocr_line ocrx_word'/>
</head>
<body>
  <div class='ocr_page' id='page_1' title='image "./eclogaepoetarum00unkngoog_0030.png"; bbox 0 0 2384 3848; ppageno 0'>
   <div class='ocr_carea' id='block_1_1' title="bbox 403 158 1044 225">
    <p class='ocr_par' dir='ltr' id='par_1_1' title="bbox 403 158 1044 225">
     <span class='ocr_line' id='line_1_1' title="bbox 403 158 1044 225; baseline -0.003 -10"><span class='ocrx_word' id='word_1_1' title='bbox 403 160 451 216; x_wconf 88' lang='lat'>111.</span> <span class='ocrx_word' id='word_1_2' title='bbox 469 158 653 216; x_wconf 81' lang='lat' dir='ltr'>LVCRETIV</span> <span class='ocrx_word' id='word_1_3' title='bbox 655 159 674 214; x_wconf 87' lang='lat' dir='ltr'>S</span> <span class='ocrx_word' id='word_1_4' title='bbox 1002 160 1044 225; x_wconf 82' lang='lat'><strong>19</strong></span> 
     </span>
    </p>
   </div>
   <div class='ocr_carea' id='block_1_2' title="bbox 46 304 1044 2252">
    <p class='ocr_par' dir='ltr' id='par_1_2' title="bbox 46 304 1044 834">
     <span class='ocr_line' id='line_1_2' title="bbox 94 304 966 408; baseline -0.002 -36"><span class='ocrx_word' id='word_1_5' title='bbox 94 305 177 391; x_wconf 88' lang='lat' dir='ltr'><strong>Neo,</strong></span> <span class='ocrx_word' id='word_1_6' title='bbox 200 307 228 370; x_wconf 88' lang='lat' dir='ltr'><strong>si</strong></span> <span class='ocrx_word' id='word_1_7' title='bbox 250 305 316 370; x_wconf 91' lang='lat' dir='ltr'><strong>iam</strong></span> <span class='ocrx_word' id='word_1_8' title='bbox 338 309 463 390; x_wconf 88' lang='lat' dir='ltr'><strong>posset,</strong></span> <span class='ocrx_word' id='word_1_9' title='bbox 487 304 556 370; x_wconf 91' lang='lat' dir='ltr'><strong>sine</strong></span> <span class='ocrx_word' id='word_1_10' title='bbox 578 305 669 370; x_wconf 90' lang='lat' dir='ltr'><strong>inani</strong></span> <span class='ocrx_word' id='word_1_11' title='bbox 691 309 814 390; x_wconf 86' lang='lat' dir='ltr'><strong>posset,</strong></span> <span class='ocrx_word' id='word_1_12' title='bbox 837 307 966 408; x_wconf 88' lang='lat' dir='ltr'>opinor,</span> 
     </span>
     <span class='ocr_line' id='line_1_3' title="bbox 46 393 1006 497; baseline -0.002 -35"><span class='ocrx_word' id='word_1_13' title='bbox 46 413 79 462; x_wconf 81' lang='lat' dir='ltr'><strong>so</strong></span> <span class='ocrx_word' id='word_1_14' title='bbox 94 395 201 480; x_wconf 91' lang='lat' dir='ltr'><strong>lpse</strong></span> <span class='ocrx_word' id='word_1_15' title='bbox 191 418 226 460; x_wconf 91' lang='lat' dir='ltr'><strong>m</strong></span> <span class='ocrx_word' id='word_1_16' title='bbox 249 416 284 459; x_wconf 91' lang='lat' dir='ltr'><strong>se</strong></span> <span class='ocrx_word' id='word_1_17' title='bbox 306 394 434 459; x_wconf 77' lang='lat' dir='ltr'>trahere</span> <span class='ocrx_word' id='word_1_18' title='bbox 457 398 491 460; x_wconf 89' lang='lat' dir='ltr'><strong>et</strong></span> <span class='ocrx_word' id='word_1_19' title='bbox 513 394 616 497; x_wconf 80' lang='lat' dir='ltr'><strong>partis</strong></span> <span class='ocrx_word' id='word_1_20' title='bbox 639 393 874 460; x_wconf 77' lang='lat' dir='ltr'><strong>conducerem</strong></span> <span class='ocrx_word' id='word_1_21' title='bbox 895 417 1006 461; x_wconf 86' lang='lat' dir='ltr'><strong>uuum.</strong></span> 
     </span>
     <span class='ocr_line' id='line_1_4' title="bbox 139 483 1044 570; baseline 0.002 -23"><span class='ocrx_word' id='word_1_22' title='bbox 139 483 400 568; x_wconf 76' lang='lat' dir='ltr'><strong>Quapropter,</strong></span> <span class='ocrx_word' id='word_1_23' title='bbox 425 484 571 568; x_wconf 90' lang='lat' dir='ltr'><strong>quamvis</strong></span> <span class='ocrx_word' id='word_1_24' title='bbox 590 483 752 549; x_wconf 80' lang='lat' dir='ltr'><strong>causando</strong></span> <span class='ocrx_word' id='word_1_25' title='bbox 771 484 876 548; x_wconf 88' lang='lat' dir='ltr'><strong>multa</strong></span> <span class='ocrx_word' id='word_1_26' title='bbox 893 485 1044 570; x_wconf 83' lang='lat' dir='ltr'><strong>moreris,</strong></span> 
     </span>
     <span class='ocr_line' id='line_1_5' title="bbox 93 571 1042 640; baseline 0.002 -3"><span class='ocrx_word' id='word_1_27' title='bbox 93 571 221 638; x_wconf 82' lang='lat' dir='ltr'><strong>Esse</strong></span> <span class='ocrx_word' id='word_1_28' title='bbox 212 593 251 637; x_wconf 90' lang='grc' dir='ltr'><strong>ιιι</strong></span> <span class='ocrx_word' id='word_1_29' title='bbox 273 571 421 636; x_wconf 88' lang='lat' dir='ltr'><strong>rebus</strong></span> <span class='ocrx_word' id='word_1_30' title='bbox 411 592 525 637; x_wconf 84' lang='lat' dir='ltr'><strong>ruane</strong></span> <span class='ocrx_word' id='word_1_31' title='bbox 550 575 660 637; x_wconf 87' lang='lat' dir='ltr'><strong>tamen</strong></span> <span class='ocrx_word' id='word_1_32' title='bbox 682 573 806 637; x_wconf 87' lang='lat' dir='ltr'><strong>fateare</strong></span> <span class='ocrx_word' id='word_1_33' title='bbox 829 594 960 639; x_wconf 84' lang='lat' dir='ltr'><strong>neeesse</strong></span> <span class='ocrx_word' id='word_1_34' title='bbox 984 577 1042 640; x_wconf 83' lang='lat' dir='ltr'><strong>est.</strong></span> 
     </span>
     <span class='ocr_line' id='line_1_6' title="bbox 94 660 991 744; baseline 0.001 -19"><span class='ocrx_word' id='word_1_35' title='bbox 94 660 260 744; x_wconf 81' lang='lat' dir='ltr'><strong>Multaque</strong></span> <span class='ocrx_word' id='word_1_36' title='bbox 282 663 448 744; x_wconf 88' lang='lat' dir='ltr'><strong>praeterea</strong></span> <span class='ocrx_word' id='word_1_37' title='bbox 470 661 532 725; x_wconf 90' lang='lat' dir='ltr'><strong>tibi</strong></span> <span class='ocrx_word' id='word_1_38' title='bbox 555 682 687 744; x_wconf 87' lang='lat' dir='ltr'><strong>possum</strong></span> <span class='ocrx_word' id='word_1_39' title='bbox 711 662 991 727; x_wconf 81' lang='lat' dir='ltr'><strong>commemorando</strong></span> 
     </span>
     <span class='ocr_line' id='line_1_7' title="bbox 93 749 877 834; baseline 0.001 -21"><span class='ocrx_word' id='word_1_40' title='bbox 93 749 298 834; x_wconf 84' lang='lat' dir='ltr'><strong>Argumenta</strong></span> <span class='ocrx_word' id='word_1_41' title='bbox 319 749 415 813; x_wconf 88' lang='lat' dir='ltr'><strong>fidem</strong></span> <span class='ocrx_word' id='word_1_42' title='bbox 438 749 532 815; x_wconf 88' lang='lat' dir='ltr'><strong>dietis</strong></span> <span class='ocrx_word' id='word_1_43' title='bbox 556 750 723 815; x_wconf 86' lang='lat' dir='ltr'><strong>oorradere</strong></span> <span class='ocrx_word' id='word_1_44' title='bbox 745 750 877 816; x_wconf 88' lang='lat' dir='ltr'><strong>nostris.</strong></span> 
     </span>
    </p>

    <p class='ocr_par' dir='ltr' id='par_1_3' title="bbox 46 837 977 1188">
     <span class='ocr_line' id='line_1_8' title="bbox 46 837 977 924; baseline -0.002 -19"><span class='ocrx_word' id='word_1_45' title='bbox 46 854 79 905; x_wconf 80' lang='lat' dir='ltr'><strong>so</strong></span> <span class='ocrx_word' id='word_1_46' title='bbox 94 838 216 904; x_wconf 87' lang='lat' dir='ltr'><strong>Verum</strong></span> <span class='ocrx_word' id='word_1_47' title='bbox 241 838 350 902; x_wconf 87' lang='lat' dir='ltr'><strong>animo</strong></span> <span class='ocrx_word' id='word_1_48' title='bbox 374 838 455 902; x_wconf 90' lang='lat' dir='ltr'><strong>satis</strong></span> <span class='ocrx_word' id='word_1_49' title='bbox 477 837 558 902; x_wconf 90' lang='lat' dir='ltr'><strong>haeo</strong></span> <span class='ocrx_word' id='word_1_50' title='bbox 581 839 720 924; x_wconf 80' lang='lat' dir='ltr'><strong>vestigia</strong></span> <span class='ocrx_word' id='word_1_51' title='bbox 741 861 843 922; x_wconf 89' lang='lat' dir='ltr'><strong>parva</strong></span> <span class='ocrx_word' id='word_1_52' title='bbox 866 839 977 924; x_wconf 76' lang='lat' dir='ltr'><strong>sagaci</strong></span> 
     </span>
     <span class='ocr_line' id='line_1_9' title="bbox 82 925 954 1011; baseline 0.001 -20"><span class='ocrx_word' id='word_1_53' title='bbox 82 925 190 1011; x_wconf 76' lang='lat' dir='ltr'><strong>Sunt,</strong></span> <span class='ocrx_word' id='word_1_54' title='bbox 211 948 270 1010; x_wconf 91' lang='lat' dir='ltr'><strong>per</strong></span> <span class='ocrx_word' id='word_1_55' title='bbox 292 948 374 1010; x_wconf 86' lang='lat' dir='ltr'><strong>quae</strong></span> <span class='ocrx_word' id='word_1_56' title='bbox 397 926 502 1010; x_wconf 92' lang='lat' dir='ltr'><strong>possis</strong></span> <span class='ocrx_word' id='word_1_57' title='bbox 526 946 720 1011; x_wconf 79' lang='lat' dir='ltr'><strong>cognoscere</strong></span> <span class='ocrx_word' id='word_1_58' title='bbox 743 930 849 992; x_wconf 88' lang='lat' dir='ltr'><strong>oetera</strong></span> <span class='ocrx_word' id='word_1_59' title='bbox 871 931 954 992; x_wconf 88' lang='lat' dir='ltr'><strong>tute:</strong></span> 
     </span>
     <span class='ocr_line' id='line_1_10' title="bbox 83 1015 933 1101; baseline 0.007 -26"><span class='ocrx_word' id='word_1_60' title='bbox 83 1015 242 1100; x_wconf 75' lang='lat' dir='ltr'><strong>‚Namque</strong></span> <span class='ocrx_word' id='word_1_61' title='bbox 266 1036 361 1080; x_wconf 81' lang='lat' dir='ltr'><strong>canes</strong></span> <span class='ocrx_word' id='word_1_62' title='bbox 384 1018 422 1079; x_wconf 89' lang='grc' dir='ltr'><strong>ιιι</strong></span> <span class='ocrx_word' id='word_1_63' title='bbox 445 1015 652 1101; x_wconf 71' lang='lat' dir='ltr'><strong>montivagae</strong></span> <span class='ocrx_word' id='word_1_64' title='bbox 675 1036 828 1099; x_wconf 84' lang='lat' dir='ltr'><strong>persaepe</strong></span> <span class='ocrx_word' id='word_1_65' title='bbox 851 1016 933 1081; x_wconf 83' lang='lat' dir='ltr'><strong>ferai</strong></span> 
     </span>
     <span class='ocr_line' id='line_1_11' title="bbox 91 1102 887 1188; baseline -0.001 -19"><span class='ocrx_word' id='word_1_66' title='bbox 91 1102 237 1169; x_wconf 79' lang='lat' dir='ltr'><strong>Naribus</strong></span> <span class='ocrx_word' id='word_1_67' title='bbox 260 1103 431 1168; x_wconf 85' lang='lat' dir='ltr'><strong>inveniunt</strong></span> <span class='ocrx_word' id='word_1_68' title='bbox 451 1103 588 1169; x_wconf 81' lang='lat' dir='ltr'><strong>intectas</strong></span> <span class='ocrx_word' id='word_1_69' title='bbox 612 1102 726 1169; x_wconf 87' lang='lat' dir='ltr'><strong>fronde</strong></span> <span class='ocrx_word' id='word_1_70' title='bbox 750 1105 887 1188; x_wconf 87' lang='lat' dir='ltr'><strong>quietes,</strong></span> 
     </span>
    </p>

    <p class='ocr_par' dir='ltr' id='par_1_4' title="bbox 93 1191 888 1277">
     <span class='ocr_line' id='line_1_12' title="bbox 93 1191 888 1277; baseline -0.003 -19"><span class='ocrx_word' id='word_1_71' title='bbox 93 1191 176 1258; x_wconf 82' lang='lat' dir='ltr'><strong>Cum</strong></span> <span class='ocrx_word' id='word_1_72' title='bbox 199 1193 298 1257; x_wconf 90' lang='lat' dir='ltr'><strong>semel</strong></span> <span class='ocrx_word' id='word_1_73' title='bbox 321 1191 513 1257; x_wconf 82' lang='lat' dir='ltr'><strong>institerunt</strong></span> <span class='ocrx_word' id='word_1_74' title='bbox 535 1191 674 1277; x_wconf 81' lang='lat' dir='ltr'><strong>vestigia</strong></span> <span class='ocrx_word' id='word_1_75' title='bbox 697 1196 786 1257; x_wconf 83' lang='lat' dir='ltr'><strong>serta</strong></span> <span class='ocrx_word' id='word_1_76' title='bbox 808 1192 888 1276; x_wconf 86' lang='lat' dir='ltr'><strong>viai,</strong></span> 
     </span>
    </p>

    <p class='ocr_par' dir='ltr' id='par_1_5' title="bbox 46 1278 973 1718">
     <span class='ocr_line' id='line_1_13' title="bbox 46 1278 842 1364; baseline -0.005 -16"><span class='ocrx_word' id='word_1_77' title='bbox 46 1298 80 1348; x_wconf 81' lang='lat' dir='ltr'><strong>oo</strong></span> <span class='ocrx_word' id='word_1_78' title='bbox 96 1278 150 1346; x_wconf 86' lang='lat' dir='ltr'><strong>Sio</strong></span> <span class='ocrx_word' id='word_1_79' title='bbox 173 1281 238 1345; x_wconf 90' lang='lat' dir='ltr'><strong>alid</strong></span> <span class='ocrx_word' id='word_1_80' title='bbox 261 1302 300 1345; x_wconf 88' lang='lat' dir='ltr'><strong>ex</strong></span> <span class='ocrx_word' id='word_1_81' title='bbox 324 1280 389 1346; x_wconf 91' lang='lat' dir='ltr'><strong>alio</strong></span> <span class='ocrx_word' id='word_1_82' title='bbox 412 1300 471 1364; x_wconf 87' lang='lat' dir='ltr'><strong>per</strong></span> <span class='ocrx_word' id='word_1_83' title='bbox 492 1283 525 1345; x_wconf 90' lang='lat' dir='ltr'><strong>te</strong></span> <span class='ocrx_word' id='word_1_84' title='bbox 548 1284 618 1345; x_wconf 87' lang='lat' dir='ltr'><strong>tute</strong></span> <span class='ocrx_word' id='word_1_85' title='bbox 641 1280 711 1364; x_wconf 90' lang='lat' dir='ltr'><strong>ipse</strong></span> <span class='ocrx_word' id='word_1_86' title='bbox 734 1281 842 1345; x_wconf 87' lang='lat' dir='ltr'><strong>videre</strong></span> 
     </span>
     <span class='ocr_line' id='line_1_14' title="bbox 92 1368 915 1455; baseline 0.001 -22"><span class='ocrx_word' id='word_1_87' title='bbox 92 1369 228 1434; x_wconf 80' lang='lat' dir='ltr'><strong>Talibus</strong></span> <span class='ocrx_word' id='word_1_88' title='bbox 251 1368 287 1433; x_wconf 91' lang='lat' dir='ltr'><strong>in</strong></span> <span class='ocrx_word' id='word_1_89' title='bbox 309 1369 406 1434; x_wconf 89' lang='lat' dir='ltr'><strong>rebus</strong></span> <span class='ocrx_word' id='word_1_90' title='bbox 429 1369 552 1451; x_wconf 87' lang='lat' dir='ltr'><strong>poteris</strong></span> <span class='ocrx_word' id='word_1_91' title='bbox 575 1390 749 1455; x_wconf 77' lang='lat' dir='ltr'><strong>caesasque</strong></span> <span class='ocrx_word' id='word_1_92' title='bbox 772 1369 915 1434; x_wconf 88' lang='lat' dir='ltr'><strong>latebras</strong></span> 
     </span>
     <span class='ocr_line' id='line_1_15' title="bbox 91 1456 900 1539; baseline 0 -17"><span class='ocrx_word' id='word_1_93' title='bbox 91 1457 262 1523; x_wconf 86' lang='lat' dir='ltr'><strong>Insinuare</strong></span> <span class='ocrx_word' id='word_1_94' title='bbox 285 1458 389 1523; x_wconf 86' lang='lat' dir='ltr'><strong>omnis</strong></span> <span class='ocrx_word' id='word_1_95' title='bbox 414 1461 447 1520; x_wconf 88' lang='lat' dir='ltr'><strong>et</strong></span> <span class='ocrx_word' id='word_1_96' title='bbox 469 1478 581 1521; x_wconf 90' lang='lat' dir='ltr'><strong>verum</strong></span> <span class='ocrx_word' id='word_1_97' title='bbox 603 1456 792 1539; x_wconf 79' lang='lat' dir='ltr'><strong>protrahere</strong></span> <span class='ocrx_word' id='word_1_98' title='bbox 815 1457 900 1522; x_wconf 91' lang='lat' dir='ltr'><strong>inde.</strong></span> 
     </span>
     <span class='ocr_line' id='line_1_16' title="bbox 92 1545 934 1630; baseline -0.002 -19"><span class='ocrx_word' id='word_1_99' title='bbox 92 1545 187 1625; x_wconf 84' lang='lat' dir='ltr'><strong>Quod</strong></span> <span class='ocrx_word' id='word_1_100' title='bbox 210 1546 238 1610; x_wconf 91' lang='lat' dir='ltr'><strong>si</strong></span> <span class='ocrx_word' id='word_1_101' title='bbox 262 1546 402 1630; x_wconf 80' lang='lat' dir='ltr'><strong>pigraris</strong></span> <span class='ocrx_word' id='word_1_102' title='bbox 424 1545 599 1629; x_wconf 88' lang='lat' dir='ltr'><strong>paulumve</strong></span> <span class='ocrx_word' id='word_1_103' title='bbox 622 1546 791 1610; x_wconf 82' lang='lat' dir='ltr'><strong>recesseris</strong></span> <span class='ocrx_word' id='word_1_104' title='bbox 815 1545 856 1610; x_wconf 91' lang='lat' dir='ltr'><strong>ab</strong></span> <span class='ocrx_word' id='word_1_105' title='bbox 879 1567 934 1630; x_wconf 55' lang='lat' dir='ltr'><strong>reg</strong></span> 
     </span>
     <span class='ocr_line' id='line_1_17' title="bbox 91 1632 988 1718; baseline 0.001 -20"><span class='ocrx_word' id='word_1_106' title='bbox 91 1633 165 1701; x_wconf 86' lang='lat' dir='ltr'><strong>Hoo]</strong></span> <span class='ocrx_word' id='word_1_107' title='bbox 187 1635 251 1700; x_wconf 90' lang='lat' dir='ltr'><strong>tibi</strong></span> <span class='ocrx_word' id='word_1_108' title='bbox 274 1635 313 1699; x_wconf 88' lang='lat' dir='ltr'><strong>de</strong></span> <span class='ocrx_word' id='word_1_109' title='bbox 336 1636 435 1718; x_wconf 92' lang='lat' dir='ltr'><strong>plano</strong></span> <span class='ocrx_word' id='word_1_110' title='bbox 458 1654 592 1718; x_wconf 92' lang='lat' dir='ltr'><strong>possum</strong></span> <span class='ocrx_word' id='word_1_111' title='bbox 615 1633 818 1718; x_wconf 86' lang='lat' dir='ltr'><strong>promittere,</strong></span> <span class='ocrx_word' id='word_1_112' title='bbox 840 1632 988 1700; x_wconf 88' lang='lat' dir='ltr'><strong>Memmi:</strong></span> 
     </span>
    </p>

    <p class='ocr_par' dir='ltr' id='par_1_6' title="bbox 46 1722 999 2161">
     <span class='ocr_line' id='line_1_18' title="bbox 46 1722 962 1824; baseline 0 -35"><span class='ocrx_word' id='word_1_113' title='bbox 46 1723 204 1808; x_wconf 74' lang='lat' dir='ltr'><strong>ooVsque</strong></span> <span class='ocrx_word' id='word_1_114' title='bbox 228 1723 308 1788; x_wconf 86' lang='lat' dir='ltr'><strong>adeo</strong></span> <span class='ocrx_word' id='word_1_115' title='bbox 331 1724 441 1824; x_wconf 80' lang='lat' dir='ltr'><strong>largos</strong></span> <span class='ocrx_word' id='word_1_116' title='bbox 464 1722 563 1787; x_wconf 89' lang='lat' dir='ltr'><strong>haust</strong></span> <span class='ocrx_word' id='word_1_117' title='bbox 548 1725 603 1787; x_wconf 91' lang='lat' dir='ltr'><strong>tus</strong></span> <span class='ocrx_word' id='word_1_118' title='bbox 627 1743 644 1785; x_wconf 92' lang='lat' dir='ltr'><strong>e</strong></span> <span class='ocrx_word' id='word_1_119' title='bbox 666 1722 814 1788; x_wconf 83' lang='lat' dir='ltr'><strong>fontibus</strong></span> <span class='ocrx_word' id='word_1_120' title='bbox 836 1723 962 1808; x_wconf 80' lang='lat' dir='ltr'><strong>magnis</strong></span> 
     </span>
     <span class='ocr_line' id='line_1_19' title="bbox 89 1810 895 1897; baseline -0.001 -20"><span class='ocrx_word' id='word_1_121' title='bbox 89 1811 219 1897; x_wconf 79' lang='lat' dir='ltr'><strong>Lingua</strong></span> <span class='ocrx_word' id='word_1_122' title='bbox 241 1833 313 1878; x_wconf 93' lang='lat' dir='ltr'><strong>meo</strong></span> <span class='ocrx_word' id='word_1_123' title='bbox 337 1810 445 1875; x_wconf 89' lang='lat' dir='ltr'><strong>suavis</strong></span> <span class='ocrx_word' id='word_1_124' title='bbox 469 1811 530 1875; x_wconf 86' lang='lat' dir='ltr'><strong>diti</strong></span> <span class='ocrx_word' id='word_1_125' title='bbox 553 1811 591 1876; x_wconf 89' lang='lat' dir='ltr'><strong>de</strong></span> <span class='ocrx_word' id='word_1_126' title='bbox 614 1814 746 1894; x_wconf 83' lang='lat' dir='ltr'><strong>peetore</strong></span> <span class='ocrx_word' id='word_1_127' title='bbox 769 1811 895 1890; x_wconf 87' lang='lat' dir='ltr'><strong>fundet,</strong></span> 
     </span>
     <span class='ocr_line' id='line_1_20' title="bbox 92 1899 999 1983; baseline -0.002 -18"><span class='ocrx_word' id='word_1_128' title='bbox 92 1899 142 1965; x_wconf 91' lang='lat' dir='ltr'><strong>Vt</strong></span> <span class='ocrx_word' id='word_1_129' title='bbox 159 1914 284 1983; x_wconf 84' lang='lat' dir='ltr'><strong>verear,</strong></span> <span class='ocrx_word' id='word_1_130' title='bbox 306 1921 347 1964; x_wconf 91' lang='lat' dir='ltr'><strong>ne</strong></span> <span class='ocrx_word' id='word_1_131' title='bbox 371 1899 466 1964; x_wconf 89' lang='lat' dir='ltr'><strong>tarda</strong></span> <span class='ocrx_word' id='word_1_132' title='bbox 488 1899 578 1983; x_wconf 89' lang='lat' dir='ltr'><strong>prius</strong></span> <span class='ocrx_word' id='word_1_133' title='bbox 601 1920 660 1983; x_wconf 89' lang='lat' dir='ltr'><strong>per</strong></span> <span class='ocrx_word' id='word_1_134' title='bbox 681 1900 828 1964; x_wconf 91' lang='lat' dir='ltr'><strong>membra</strong></span> <span class='ocrx_word' id='word_1_135' title='bbox 850 1905 999 1965; x_wconf 86' lang='lat' dir='ltr'><strong>senectus</strong></span> 
     </span>
     <span class='ocr_line' id='line_1_21' title="bbox 91 1987 888 2073; baseline -0.004 -19"><span class='ocrx_word' id='word_1_136' title='bbox 91 1987 209 2073; x_wconf 83' lang='lat' dir='ltr'><strong>Serpat</strong></span> <span class='ocrx_word' id='word_1_137' title='bbox 231 1989 296 2053; x_wconf 89' lang='lat' dir='ltr'><strong>et</strong></span> <span class='ocrx_word' id='word_1_138' title='bbox 286 2010 323 2052; x_wconf 87' lang='lat' dir='ltr'><strong>m</strong></span> <span class='ocrx_word' id='word_1_139' title='bbox 345 1987 439 2054; x_wconf 89' lang='lat' dir='ltr'><strong>nobis</strong></span> <span class='ocrx_word' id='word_1_140' title='bbox 463 1987 542 2053; x_wconf 87' lang='lat' dir='ltr'><strong>vitai</strong></span> <span class='ocrx_word' id='word_1_141' title='bbox 565 1987 709 2053; x_wconf 79' lang='lat' dir='ltr'><strong>claustra</strong></span> <span class='ocrx_word' id='word_1_142' title='bbox 731 1987 888 2070; x_wconf 86' lang='lat' dir='ltr'><strong>resolvat,</strong></span> 
     </span>
     <span class='ocr_line' id='line_1_22' title="bbox 93 2075 925 2161; baseline -0.004 -19"><span class='ocrx_word' id='word_1_143' title='bbox 93 2076 197 2158; x_wconf 78' lang='lat' dir='ltr'><strong>Quam</strong></span> <span class='ocrx_word' id='word_1_144' title='bbox 219 2077 281 2142; x_wconf 89' lang='lat' dir='ltr'><strong>tibi</strong></span> <span class='ocrx_word' id='word_1_145' title='bbox 304 2076 343 2141; x_wconf 87' lang='lat' dir='ltr'><strong>de</strong></span> <span class='ocrx_word' id='word_1_146' title='bbox 367 2076 480 2161; x_wconf 89' lang='lat' dir='ltr'><strong>quavis</strong></span> <span class='ocrx_word' id='word_1_147' title='bbox 503 2098 569 2140; x_wconf 89' lang='lat' dir='ltr'><strong>una</strong></span> <span class='ocrx_word' id='word_1_148' title='bbox 591 2097 626 2139; x_wconf 91' lang='lat' dir='ltr'><strong>re</strong></span> <span class='ocrx_word' id='word_1_149' title='bbox 649 2075 796 2141; x_wconf 87' lang='lat' dir='ltr'><strong>versibus</strong></span> <span class='ocrx_word' id='word_1_150' title='bbox 820 2075 925 2141; x_wconf 89' lang='lat' dir='ltr'><strong>omnis</strong></span> 
     </span>
    </p>

    <p class='ocr_par' dir='ltr' id='par_1_7' title="bbox 46 2164 873 2252">
     <span class='ocr_line' id='line_1_23' title="bbox 46 2164 873 2252; baseline -0.001 -22"><span class='ocrx_word' id='word_1_151' title='bbox 46 2182 77 2233; x_wconf 87' lang='grc' dir='ltr'><strong>ιο</strong></span> <span class='ocrx_word' id='word_1_152' title='bbox 91 2167 368 2252; x_wconf 79' lang='lat' dir='ltr'><strong>Argumeutomm</strong></span> <span class='ocrx_word' id='word_1_153' title='bbox 392 2164 436 2229; x_wconf 90' lang='lat' dir='ltr'><strong>sit</strong></span> <span class='ocrx_word' id='word_1_154' title='bbox 458 2164 551 2248; x_wconf 82' lang='lat' dir='ltr'><strong>eopia</strong></span> <span class='ocrx_word' id='word_1_155' title='bbox 574 2164 674 2229; x_wconf 90' lang='lat' dir='ltr'><strong>missa</strong></span> <span class='ocrx_word' id='word_1_156' title='bbox 696 2186 755 2249; x_wconf 85' lang='lat' dir='ltr'><strong>per</strong></span> <span class='ocrx_word' id='word_1_157' title='bbox 776 2165 873 2230; x_wconf 88' lang='lat' dir='ltr'><strong>auris.</strong></span> 
     </span>
    </p>
   </div>
   <div class='ocr_carea' id='block_1_3' title="bbox 46 2340 1045 3562">
    <p class='ocr_par' dir='ltr' id='par_1_8' title="bbox 46 2340 1044 2603">
     <span class='ocr_line' id='line_1_24' title="bbox 46 2340 1043 2428; baseline 0.002 -22"><span class='ocrx_word' id='word_1_158' title='bbox 46 2342 53 2364; x_wconf 73' lang='lat'><em>&#39;</em></span> <span class='ocrx_word' id='word_1_159' title='bbox 160 2340 222 2407; x_wconf 85' lang='lat' dir='ltr'><strong>Sed</strong></span> <span class='ocrx_word' id='word_1_160' title='bbox 244 2364 331 2408; x_wconf 89' lang='lat' dir='ltr'><strong>nuno</strong></span> <span class='ocrx_word' id='word_1_161' title='bbox 354 2345 391 2406; x_wconf 91' lang='lat' dir='ltr'><strong>ut</strong></span> <span class='ocrx_word' id='word_1_162' title='bbox 413 2346 560 2425; x_wconf 87' lang='lat' dir='ltr'><strong>repetam</strong></span> <span class='ocrx_word' id='word_1_163' title='bbox 581 2345 731 2426; x_wconf 87' lang='lat' dir='ltr'><strong>ooeptum</strong></span> <span class='ocrx_word' id='word_1_164' title='bbox 750 2346 915 2427; x_wconf 83' lang='lat' dir='ltr'><strong>pertexere</strong></span> <span class='ocrx_word' id='word_1_165' title='bbox 934 2342 1043 2428; x_wconf 81' lang='lat' dir='ltr'><strong>dietis,</strong></span> 
     </span>
     <span class='ocr_line' id='line_1_25' title="bbox 91 2431 960 2515; baseline -0.002 -17"><span class='ocrx_word' id='word_1_166' title='bbox 91 2431 218 2515; x_wconf 83' lang='lat' dir='ltr'><strong>Omnis,</strong></span> <span class='ocrx_word' id='word_1_167' title='bbox 241 2434 277 2496; x_wconf 87' lang='lat' dir='ltr'><strong>ut</strong></span> <span class='ocrx_word' id='word_1_168' title='bbox 302 2434 365 2515; x_wconf 86' lang='lat' dir='ltr'><strong>est,</strong></span> <span class='ocrx_word' id='word_1_169' title='bbox 387 2431 489 2515; x_wconf 83' lang='lat' dir='ltr'><strong>igitur</strong></span> <span class='ocrx_word' id='word_1_170' title='bbox 510 2451 569 2514; x_wconf 88' lang='lat' dir='ltr'><strong>per</strong></span> <span class='ocrx_word' id='word_1_171' title='bbox 593 2452 628 2495; x_wconf 93' lang='lat' dir='ltr'><strong>se</strong></span> <span class='ocrx_word' id='word_1_172' title='bbox 650 2434 792 2497; x_wconf 85' lang='lat' dir='ltr'><strong>natura</strong></span> <span class='ocrx_word' id='word_1_173' title='bbox 813 2432 960 2496; x_wconf 76' lang='lat' dir='ltr'><strong>duatus</strong></span> 
     </span>
     <span class='ocr_line' id='line_1_26' title="bbox 90 2518 1044 2620; baseline -0.003 -34"><span class='ocrx_word' id='word_1_174' title='bbox 90 2518 283 2586; x_wconf 78' lang='lat' dir='ltr'><strong>Constitit</strong></span> <span class='ocrx_word' id='word_1_175' title='bbox 318 2521 357 2584; x_wconf 91' lang='lat' dir='ltr'><strong>in</strong></span> <span class='ocrx_word' id='word_1_176' title='bbox 393 2520 524 2584; x_wconf 88' lang='lat' dir='ltr'><strong>rebus:</strong></span> <span class='ocrx_word' id='word_1_177' title='bbox 567 2540 645 2583; x_wconf 89' lang='lat' dir='ltr'><strong>nam</strong></span> <span class='ocrx_word' id='word_1_178' title='bbox 682 2540 845 2620; x_wconf 79' lang='lat' dir='ltr'><strong>corpora</strong></span> <span class='ocrx_word' id='word_1_179' title='bbox 885 2523 973 2604; x_wconf 86' lang='lat' dir='ltr'><strong>sunt,</strong></span> <span class='ocrx_word' id='word_1_180' title='bbox 1010 2524 1044 2583; x_wconf 88' lang='lat' dir='ltr'><strong>et</strong></span> 
     </span>
    </p>

    <p class='ocr_par' dir='ltr' id='par_1_9' title="bbox 46 2607 1045 3562">
     <span class='ocr_line' id='line_1_27' title="bbox 771 2607 899 2690; baseline 0 -20"><span class='ocrx_word' id='word_1_181' title='bbox 771 2607 899 2690; x_wconf 89' lang='lat' dir='ltr'><strong>inane,</strong></span> 
     </span>
     <span class='ocr_line' id='line_1_28' title="bbox 90 2686 1007 2797; baseline -0.002 -36"><span class='ocrx_word' id='word_1_182' title='bbox 90 2696 215 2761; x_wconf 84' lang='lat' dir='ltr'><strong>Haeo</strong></span> <span class='ocrx_word' id='word_1_183' title='bbox 204 2718 239 2760; x_wconf 93' lang='lat' dir='ltr'><strong>m</strong></span> <span class='ocrx_word' id='word_1_184' title='bbox 262 2718 326 2797; x_wconf 82' lang='lat' dir='ltr'><strong>quo</strong></span> <span class='ocrx_word' id='word_1_185' title='bbox 350 2696 414 2762; x_wconf 87' lang='lat' dir='ltr'><strong>sita</strong></span> <span class='ocrx_word' id='word_1_186' title='bbox 437 2700 569 2762; x_wconf 88' lang='lat' dir='ltr'><strong>suntet</strong></span> <span class='ocrx_word' id='word_1_187' title='bbox 592 2719 656 2781; x_wconf 91' lang='lat' dir='ltr'><strong>qua</strong></span> <span class='ocrx_word' id='word_1_188' title='bbox 679 2686 806 2761; x_wconf 87' lang='lat' dir='ltr'><strong>diversa</strong></span> <span class='ocrx_word' id='word_1_189' title='bbox 828 2699 1007 2761; x_wconf 90' lang='lat' dir='ltr'><strong>moventur.</strong></span> 
     </span>
     <span class='ocr_line' id='line_1_29' title="bbox 46 2783 918 2887; baseline -0.001 -36"><span class='ocrx_word' id='word_1_190' title='bbox 46 2800 77 2850; x_wconf 65' lang='grc' dir='ltr'><strong>ιι</strong></span> <span class='ocrx_word' id='word_1_191' title='bbox 93 2783 220 2868; x_wconf 80' lang='lat' dir='ltr'><strong>Corpus</strong></span> <span class='ocrx_word' id='word_1_192' title='bbox 244 2785 331 2849; x_wconf 91' lang='lat' dir='ltr'><strong>enim</strong></span> <span class='ocrx_word' id='word_1_193' title='bbox 352 2807 411 2887; x_wconf 80' lang='lat' dir='ltr'><strong>per</strong></span> <span class='ocrx_word' id='word_1_194' title='bbox 434 2807 468 2850; x_wconf 85' lang='lat' dir='ltr'><strong>se</strong></span> <span class='ocrx_word' id='word_1_195' title='bbox 492 2786 673 2851; x_wconf 85' lang='lat' dir='ltr'><strong>eommunis</strong></span> <span class='ocrx_word' id='word_1_196' title='bbox 698 2784 825 2850; x_wconf 83' lang='lat' dir='ltr'><strong>dedicat</strong></span> <span class='ocrx_word' id='word_1_197' title='bbox 848 2806 918 2850; x_wconf 87' lang='lat' dir='ltr'><strong>esse</strong></span> 
     </span>
     <span class='ocr_line' id='line_1_30' title="bbox 92 2871 941 2957; baseline -0.002 -18"><span class='ocrx_word' id='word_1_198' title='bbox 92 2871 228 2957; x_wconf 81' lang='lat' dir='ltr'><strong>Sensus3</strong></span> <span class='ocrx_word' id='word_1_199' title='bbox 253 2874 304 2938; x_wconf 90' lang='lat' dir='ltr'><strong>oui</strong></span> <span class='ocrx_word' id='word_1_200' title='bbox 326 2874 392 2938; x_wconf 93' lang='lat' dir='ltr'><strong>nisi</strong></span> <span class='ocrx_word' id='word_1_201' title='bbox 413 2874 519 2957; x_wconf 87' lang='lat' dir='ltr'><strong>prima</strong></span> <span class='ocrx_word' id='word_1_202' title='bbox 541 2873 622 2939; x_wconf 89' lang='lat' dir='ltr'><strong>fides</strong></span> <span class='ocrx_word' id='word_1_203' title='bbox 646 2872 780 2939; x_wconf 83' lang='lat' dir='ltr'><strong>fundata</strong></span> <span class='ocrx_word' id='word_1_204' title='bbox 803 2873 941 2953; x_wconf 84' lang='lat' dir='ltr'><strong>valebit</strong></span> 
     </span>
     <span class='ocr_line' id='line_1_31' title="bbox 90 2958 900 3047; baseline 0.002 -22"><span class='ocrx_word' id='word_1_205' title='bbox 90 2958 189 3026; x_wconf 89' lang='lat' dir='ltr'><strong>Haud</strong></span> <span class='ocrx_word' id='word_1_206' title='bbox 211 2963 273 3026; x_wconf 88' lang='lat' dir='ltr'><strong>erit</strong></span> <span class='ocrx_word' id='word_1_207' title='bbox 297 2962 432 3045; x_wconf 82' lang='lat' dir='ltr'><strong>occultis</strong></span> <span class='ocrx_word' id='word_1_208' title='bbox 456 2962 495 3026; x_wconf 89' lang='lat' dir='ltr'><strong>de</strong></span> <span class='ocrx_word' id='word_1_209' title='bbox 517 2963 614 3028; x_wconf 88' lang='lat' dir='ltr'><strong>rebus</strong></span> <span class='ocrx_word' id='word_1_210' title='bbox 640 2984 703 3047; x_wconf 93' lang='lat' dir='ltr'><strong>quo</strong></span> <span class='ocrx_word' id='word_1_211' title='bbox 726 2961 900 3027; x_wconf 83' lang='lat' dir='ltr'><strong>referentes</strong></span> 
     </span>
     <span class='ocr_line' id='line_1_32' title="bbox 54 3041 951 3135; baseline 0 -20"><span class='ocrx_word' id='word_1_212' title='bbox 54 3041 291 3116; x_wconf 78' lang='lat' dir='ltr'><strong>Confirmare</strong></span> <span class='ocrx_word' id='word_1_213' title='bbox 314 3050 415 3116; x_wconf 90' lang='lat' dir='ltr'><strong>animi</strong></span> <span class='ocrx_word' id='word_1_214' title='bbox 439 3051 613 3135; x_wconf 86' lang='lat' dir='ltr'><strong>quicquam</strong></span> <span class='ocrx_word' id='word_1_215' title='bbox 637 3051 763 3115; x_wconf 91' lang='lat' dir='ltr'><strong>ratione</strong></span> <span class='ocrx_word' id='word_1_216' title='bbox 786 3070 951 3135; x_wconf 89' lang='lat' dir='ltr'><strong>queamus.</strong></span> 
     </span>
     <span class='ocr_line' id='line_1_33' title="bbox 71 3138 1045 3225; baseline -0.001 -20.979"><span class='ocrx_word' id='word_1_217' title='bbox 71 3138 175 3204; x_wconf 81' lang='lat' dir='ltr'><strong>Tum</strong></span> <span class='ocrx_word' id='word_1_218' title='bbox 198 3161 296 3222; x_wconf 91' lang='lat' dir='ltr'><strong>porro</strong></span> <span class='ocrx_word' id='word_1_219' title='bbox 316 3140 407 3205; x_wconf 84' lang='lat' dir='ltr'><strong>loeus</strong></span> <span class='ocrx_word' id='word_1_220' title='bbox 427 3160 465 3204; x_wconf 89' lang='lat' dir='ltr'><strong>ao</strong></span> <span class='ocrx_word' id='word_1_221' title='bbox 485 3141 639 3222; x_wconf 90' lang='lat' dir='ltr'><strong>spatium,</strong></span> <span class='ocrx_word' id='word_1_222' title='bbox 664 3138 777 3223; x_wconf 90' lang='lat' dir='ltr'><strong>quod</strong></span> <span class='ocrx_word' id='word_1_223' title='bbox 767 3160 864 3204; x_wconf 89' lang='lat' dir='ltr'><strong>mane</strong></span> <span class='ocrx_word' id='word_1_224' title='bbox 883 3161 1045 3225; x_wconf 76' lang='lat' dir='ltr'><strong>vocamus,</strong></span> 
     </span>
     <span class='ocr_line' id='line_1_34' title="bbox 46 3225 1044 3313; baseline 0 -21"><span class='ocrx_word' id='word_1_225' title='bbox 46 3244 75 3293; x_wconf 77' lang='lat' dir='ltr'><strong>ro</strong></span> <span class='ocrx_word' id='word_1_226' title='bbox 93 3225 128 3292; x_wconf 85' lang='lat' dir='ltr'><strong>Si</strong></span> <span class='ocrx_word' id='word_1_227' title='bbox 146 3228 273 3293; x_wconf 90' lang='lat' dir='ltr'><strong>nullum</strong></span> <span class='ocrx_word' id='word_1_228' title='bbox 292 3228 390 3313; x_wconf 91' lang='lat' dir='ltr'><strong>foret,</strong></span> <span class='ocrx_word' id='word_1_229' title='bbox 407 3228 495 3294; x_wconf 86' lang='lat' dir='ltr'><strong>haud</strong></span> <span class='ocrx_word' id='word_1_230' title='bbox 514 3249 651 3312; x_wconf 91' lang='lat' dir='ltr'><strong>usquam</strong></span> <span class='ocrx_word' id='word_1_231' title='bbox 673 3227 736 3292; x_wconf 84' lang='lat' dir='ltr'><strong>sita</strong></span> <span class='ocrx_word' id='word_1_232' title='bbox 756 3249 891 3311; x_wconf 82' lang='lat' dir='ltr'><strong>corpora</strong></span> <span class='ocrx_word' id='word_1_233' title='bbox 908 3231 1044 3312; x_wconf 84' lang='lat' dir='ltr'><strong>possent</strong></span> 
     </span>
     <span class='ocr_line' id='line_1_35' title="bbox 91 3315 936 3401; baseline 0.001 -21"><span class='ocrx_word' id='word_1_234' title='bbox 91 3315 174 3381; x_wconf 82' lang='lat' dir='ltr'><strong>Esse</strong></span> <span class='ocrx_word' id='word_1_235' title='bbox 196 3338 301 3401; x_wconf 88' lang='lat' dir='ltr'><strong>neque</strong></span> <span class='ocrx_word' id='word_1_236' title='bbox 324 3317 457 3383; x_wconf 91' lang='lat' dir='ltr'><strong>omnino</strong></span> <span class='ocrx_word' id='word_1_237' title='bbox 481 3337 642 3400; x_wconf 90' lang='lat' dir='ltr'><strong>quaquam</strong></span> <span class='ocrx_word' id='word_1_238' title='bbox 666 3315 791 3381; x_wconf 90' lang='lat' dir='ltr'><strong>diversa</strong></span> <span class='ocrx_word' id='word_1_239' title='bbox 813 3338 936 3400; x_wconf 81' lang='lat' dir='ltr'><strong>meare3</strong></span> 
     </span>
     <span class='ocr_line' id='line_1_36' title="bbox 89 3404 1005 3491; baseline -0.001 -20"><span class='ocrx_word' id='word_1_240' title='bbox 89 3404 130 3471; x_wconf 90' lang='lat' dir='ltr'><strong>Id</strong></span> <span class='ocrx_word' id='word_1_241' title='bbox 153 3406 238 3490; x_wconf 89' lang='lat' dir='ltr'><strong>quod</strong></span> <span class='ocrx_word' id='word_1_242' title='bbox 261 3407 328 3470; x_wconf 87' lang='lat' dir='ltr'><strong>iam</strong></span> <span class='ocrx_word' id='word_1_243' title='bbox 354 3428 470 3491; x_wconf 86' lang='lat' dir='ltr'><strong>supera</strong></span> <span class='ocrx_word' id='word_1_244' title='bbox 492 3405 553 3469; x_wconf 86' lang='lat' dir='ltr'><strong>tibi</strong></span> <span class='ocrx_word' id='word_1_245' title='bbox 576 3405 673 3489; x_wconf 90' lang='lat' dir='ltr'><strong>paulo</strong></span> <span class='ocrx_word' id='word_1_246' title='bbox 698 3405 897 3470; x_wconf 85' lang='lat' dir='ltr'><strong>ostendimus</strong></span> <span class='ocrx_word' id='word_1_247' title='bbox 921 3408 1005 3470; x_wconf 90' lang='lat' dir='ltr'><strong>ante.</strong></span> 
     </span>
     <span class='ocr_line' id='line_1_37' title="bbox 790 3506 829 3562; baseline 0 -22"><span class='ocrx_word' id='word_1_248' title='bbox 790 3506 829 3562; x_wconf 77' lang='lat'><strong>2*</strong></span> 
     </span>
    </p>
   </div>
   <div class='ocr_carea' id='block_1_4' title="bbox 1134 3468 1152 3575">
    <p class='ocr_par' dir='ltr' id='par_1_10' title="bbox 1134 3468 1152 3575">
     <span class='ocr_line' id='line_1_38' title="bbox 1134 3468 1152 3575; baseline 0 -24"><span class='ocrx_word' id='word_1_249' title='bbox 1134 3468 1152 3575; x_wconf 72' lang='grc' dir='ltr'><strong>,ι</strong></span> 
     </span>
    </p>
   </div>
   <div class='ocr_carea' id='block_1_5' title="bbox 0 0 1199 3848">
    <p class='ocr_par' dir='ltr' id='par_1_11' title="bbox 0 0 1199 3848">
     <span class='ocr_line' id='line_1_39' title="bbox 0 0 1199 3848; baseline 0 0"><span class='ocrx_word' id='word_1_250' title='bbox 0 0 1199 3848; x_wconf 95' lang='lat' dir='ltr'><strong> </strong></span> 
     </span>
    </p>
   </div>
  </div>
 </body>
</html>
