2384 3848
447 170 495 225 111.
513 169 718 228 Lvonnnlvs
1046 170 1088 235 29

142 317 190 381 At
211 337 272 381 nos
294 315 445 381 horrifico
469 315 662 380 cinefactum
685 319 718 379 te
741 337 841 399 prope
863 316 960 381 busto

141 403 380 470 insatiabiliter
404 404 602 487 deflevimus,
625 407 855 488 aeternumque

140 493 242 559 Nulla
264 493 332 557 dies
355 492 450 557 nobis
473 515 653 558 maerorem
677 514 694 556 e
716 495 846 576 pectore
869 491 996 559 demet'

88 601 127 650 80
141 581 229 647 Illud
250 583 290 647 ab
310 580 372 647 hoc
390 581 491 665 igitur
509 582 726 665 quaerendum
749 584 812 665 est,
831 581 907 666 quid
926 582 971 647 sit
989 582 1091 646 amari

142 670 249 736 Tanto
264 691 374 753 opere,
394 670 434 734 ad
454 691 603 735 somnum
618 671 645 735 si
658 692 710 735 res
724 670 808 734 redit
826 674 922 755 atque
937 671 1091 755 quietem,

145 758 210 825 Cur
233 759 402 843 quisquam
426 761 557 824 aeterno
581 760 687 843 possit
708 760 874 824 tabescere
896 759 994 824 luctu.

186 847 271 914 Hoc
295 847 413 911 etiam
435 847 588 912 faciunt
610 848 674 913 ubi
694 847 923 912 discubuere
942 851 1093 913 tenent·

827 957 897 1020 que

143 1024 288 1090 Pocula
309 1044 422 1108 saepe
440 1024 613 1089 homines
632 1027 665 1088 et
677 1023 866 1089 inumbrant
880 1045 937 1088 ora
951 1025 1093 1108 coronis,

93 1130 130 1180 85
145 1114 197 1180 Ex
211 1114 319 1178 animo
333 1115 371 1177 ut
384 1111 505 1176 dicant:
525 1112 644 1177 ‘brevis
656 1112 710 1177 hio
724 1115 774 1177 est
786 1113 911 1177 fructus
925 1112 1093 1197 homullis3

145 1202 216 1267 Iam
239 1201 350 1284 fuerit,
373 1221 476 1284 neque
499 1205 575 1284 post
597 1223 750 1286 umquam
772 1223 923 1267 revocare
946 1200 1076 1267 licebit?

145 1290 326 1374 Tamquam
344 1290 379 1353 in
392 1293 496 1354 morte
511 1289 590 1354 mali
608 1290 809 1373 cumprimis
828 1289 891 1355 hoc
910 1291 953 1355 sit
970 1311 1094 1373 eorum,

148 1379 241 1456 Quod
265 1379 335 1444 sitis
359 1380 475 1443 exurat
497 1378 632 1444 miseros
657 1381 753 1462 atque
777 1378 867 1443 arida
889 1382 1005 1462 torres,

143 1467 218 1532 -Aut
241 1468 322 1532 aliae
346 1466 437 1531 cuius
461 1466 652 1531 desiderium
674 1466 814 1531 insideat
835 1468 891 1532 rei.

97 1573 133 1623 90
147 1554 217 1621 Nec
241 1555 303 1621 sibi
322 1556 407 1619 enim
427 1555 597 1639 quisquam
620 1558 691 1619 tum
714 1576 748 1619 se
766 1553 931 1639 vitamque
951 1555 1095 1639 requirit,

147 1643 229 1711 Cum
252 1645 375 1728 pariter
397 1665 488 1708 mens
512 1647 545 1707 et
567 1665 683 1727 corpus
708 1643 815 1728 sopita
838 1645 1021 1728 quiescunt:

147 1732 233 1798 Nam
256 1733 332 1797 licet
355 1735 521 1797 aeternum
543 1754 601 1815 per
624 1754 684 1798 nos
708 1733 755 1797 sic
777 1753 849 1798 esse
871 1754 929 1817 per
947 1755 1075 1816 aevum,

148 1821 217 1886 Nec
241 1819 434 1886 desiderium
457 1822 560 1885 nostri
583 1843 645 1887 nos
668 1821 777 1886 adficit
798 1821 915 1886 ullum:

147 1910 194 1975 Et
211 1912 322 1974 tamen
339 1909 588 1993 haudquaquam
607 1913 736 1974 nostros
758 1913 836 1974 tunc
857 1910 915 1975 illa
932 1932 990 1994 per
1009 1913 1097 1974 artus

97 2014 133 2065 eo
148 1996 260 2083 Longe
284 1999 324 2062 ab
345 1997 510 2062 sensiferis
533 1997 710 2082 primordia
732 1998 876 2062 motibus
899 2001 1021 2082 errant,

149 2085 231 2152 Oum
255 2089 421 2170 correptus
445 2085 542 2151 homo
567 2108 605 2150 ex
629 2107 742 2151 somno
767 2107 800 2150 se
824 2085 951 2171 colligit
972 2087 1050 2170 ipse.

148 2175 254 2240 Multo
269 2174 369 2255 igitur
379 2177 517 2239 mortem
527 2175 635 2239 minus
645 2175 686 2239 ad
695 2196 755 2239 nos
765 2196 836 2239 esse
845 2173 1026 2258 putandum
1036 2177 1098 2257 est3

151 2262 187 2328 Si
204 2264 311 2328 minus
331 2284 401 2327 esse
420 2266 529 2346 potest
551 2285 648 2348 quam
667 2263 753 2348 quod
776 2262 824 2327 nil
848 2285 919 2328 esse
938 2264 1112 2329 videmus2.
1164 2319 1167 2324 Α

149 2351 256 2417 Maior
278 2351 364 2416 enim
387 2352 484 2416 turba
507 2355 540 2416 et
562 2352 716 2417 disiectus
739 2352 889 2417 materiai

82 2457 135 2507 100
151 2440 366 2524 Consequitur
389 2440 465 2523 leto,
492 2462 552 2505 nec
571 2441 742 2525 quisquam
767 2441 952 2526 expergitus
977 2443 1099 2524 exstat,

150 2528 283 2614 Frigida
306 2549 400 2612 quem
424 2529 523 2593 semel
546 2532 597 2593 est
619 2529 699 2592 vitai
723 2549 825 2612 pausa
848 2531 966 2595 secuta

194 2616 343 2702 Denique
366 2617 400 2682 si
421 2639 550 2682 vocem
573 2638 698 2681 rerum
720 2619 860 2681 natura
882 2619 1042 2700 repente

151 2706 286 2771 Mittat
309 2710 342 2771 et
364 2706 426 2771 hoc
450 2706 548 2770 alicui
571 2709 720 2770 nostrum
743 2705 789 2770 sic
812 2705 958 2789 increpet
979 2703 1063 2788 ipsa:

152 2793 249 2870 ‘Quid
262 2793 324 2859 tibi
333 2797 425 2860 tanto
437 2816 533 2878 opere
548 2797 606 2877 est,
616 2794 773 2878 mortalis,
781 2794 867 2878 quod
881 2794 978 2858 nimis
994 2793 1100 2879 aegris

84 2897 137 2948 105
152 2881 309 2948 Luctibus
332 2882 502 2968 indulges?
530 2882 607 2967 quid
625 2885 763 2948 mortem
782 2883 946 2967 congemis
966 2904 1003 2948 ac
1021 2880 1101 2948 fles?

151 2970 237 3036 Nam
261 2972 289 3036 si
312 2975 407 3056 grata
430 2972 493 3035 fuit
515 2972 578 3037 tibi
601 2971 670 3036 vita
692 2975 768 3035 ante
791 2975 864 3037 acta
887 2971 1052 3056 priorque,

150 3059 197 3124 nt
219 3081 287 3124 non
310 3060 419 3125 omnia
442 3063 609 3144 pertusum
632 3062 787 3145 congesta
810 3061 903 3144 quasi
924 3060 959 3124 in
981 3083 1038 3125 vas

153 3146 333 3214 Commoda
354 3148 531 3232 perfluxere
554 3152 651 3233 atquc
674 3148 804 3233 ingrata
826 3149 992 3214 interiere:

153 3234 218 3302 Gur
240 3259 307 3302 non
330 3242 368 3302 ut
390 3239 506 3321 plenus
529 3237 615 3302 vitae
638 3237 775 3302 conviva
796 3239 932 3321 recedis,
1065 3281 1068 3286 -

84 3341 138 3392 110
151 3324 265 3409 Aequo
290 3327 462 3411 animoque
486 3326 573 3409 capis
597 3347 758 3409 securam,
780 3329 893 3410 stulte,
917 3325 1080 3410 quietem?

154 3412 212 3479 sin
236 3436 275 3480 ea
298 3437 381 3499 quoe
402 3414 526 3480 fructus
550 3435 687 3498 cumque
710 3437 743 3481 es
766 3416 890 3500 periere
913 3414 1059 3499 profusa,
