2384 3848
475 174 535 230 VII.
555 174 704 232 OVIDIVS

454 355 485 421 2.
518 338 666 442 (russi
689 355 729 444 a.)

358 477 509 547 Supremus
528 493 562 531 ex
581 476 656 561 Vrbe
674 477 821 533 discessus.

147 581 229 650 (lum
253 587 342 652 subit
363 587 451 652 illius
474 587 664 653 tristissima
685 585 793 653 noctis
817 586 942 672 imago,

193 673 264 750 Qua
285 675 366 740 mihi
389 698 575 760 supremum
598 678 727 760 tempus
749 675 784 739 iu
808 673 896 740 Vrbe
919 677 995 762 fuit,

148 761 230 829 (lum
251 769 365 849 repeto
388 768 528 849 noctem,
552 786 616 849 qua
638 766 689 829 tot
710 763 792 828 mihi
815 784 890 828 cara
913 766 1041 853 reliqui,
1101 850 1106 855 ,

126 926 133 932 ,
191 852 327 918 Labitur
349 876 388 918 ex
412 854 512 919 oculis
535 875 622 918 nuno
644 873 771 937 quoque
794 855 890 936 gutta
912 856 1004 919 meis.

115 940 217 1006 sIam
240 964 342 1026 prope
364 943 419 1007 lux
443 943 567 1026 aderat,
591 963 655 1026 qua
677 962 729 1004 me
752 940 915 1006 discedere
939 941 1059 1009 ansar

191 1027 326 1094 Finibus
350 1034 511 1096 extremae
533 1031 674 1095 iusserat
696 1027 870 1094 Ausoniae.

146 1116 215 1182 Nec
236 1119 379 1202 spatium
400 1119 521 1203 fuerat,
548 1140 608 1184 neo
631 1139 722 1183 mens
746 1118 826 1183 satis
851 1123 929 1202 apta
947 1122 1097 1204 parandi:

191 1205 394 1291 Torpuerant
415 1208 515 1293 longa
536 1211 668 1292 pectora
689 1210 802 1272 nostra
825 1228 927 1273 mora.

147 1292 223 1359 Non
245 1295 325 1360 mihi
350 1316 530 1381 servorum,
552 1298 680 1362 comitis
704 1317 773 1362 non
795 1317 872 1360 cura
894 1295 1037 1381 legendi,

96 1397 132 1446 ro
190 1381 267 1448 Non
290 1387 387 1468 aptae
409 1385 548 1470 profugo
572 1384 673 1450 vestis
696 1385 808 1469 opisve
831 1383 903 1448 fuit.

80 1532 84 1543 ,
144 1469 221 1537 Nou
244 1473 338 1537 aliter
361 1473 485 1557 stupui,
508 1494 606 1557 quam
629 1474 685 1558 qui
707 1472 795 1538 Iovis
818 1472 950 1557 ignibus
973 1474 1057 1539 ictus

191 1559 282 1626 Vivit
305 1563 338 1626 et
361 1562 518 1627 estvitae
541 1561 668 1627 nescius
690 1562 761 1646 ipse
785 1580 870 1626 suae.

145 1646 194 1713 Vt
215 1653 326 1714 tamen
349 1650 433 1714 banc
456 1651 555 1716 animi
578 1652 698 1715 nubem
722 1649 815 1717 dolor
837 1649 908 1733 ipse
931 1653 1083 1737 removit,

189 1736 234 1801 Et
255 1738 388 1803 tandem
412 1760 525 1804 sensus
549 1741 740 1805 convaluere
763 1737 841 1821 mei,

96 1839 131 1889 15
146 1824 314 1911 Adloquor
337 1829 515 1894 extremum
538 1832 680 1894 maestos
705 1828 852 1894 abiturus
876 1828 1010 1911 amicos,

190 1913 252 1990 oui
274 1916 371 1981 modo
395 1916 434 1981 de
456 1917 569 1981 multis
592 1939 675 1982 unus
699 1921 732 1982 et
755 1916 837 1980 alter
860 1918 961 1980 erant.

144 1999 235 2067 onr
256 2025 368 2069 amans
391 2004 523 2069 flentem
544 2005 625 2070 flens
649 2005 754 2071 acrius
777 2003 850 2087 ipsa
873 2004 1022 2087 tenebat,

188 2090 296 2156 Imbro
319 2114 377 2177 per
399 2093 548 2178 indignas
571 2115 672 2179 usque
696 2094 830 2159 cadente
854 2110 966 2175 genas.

142 2176 231 2244 Nata
253 2183 364 2265 procul
388 2180 517 2265 Libycis
541 2176 655 2248 aber‘at
678 2182 805 2250 diversa
828 2181 889 2244 sub
913 2180 979 2246 oris

92 2282 129 2330 ao
187 2266 257 2333 Neo
280 2272 410 2353 poterat
431 2270 492 2334 fati
515 2272 636 2337 certior
659 2293 729 2336 esse
752 2270 826 2335 mei

144 2353 352 2442 Quocumque
367 2358 560 2442 adspiceres,
575 2361 681 2424 luobus
696 2360 901 2445 gemitusque
917 2360 1093 2442 sonabant,

186 2443 369 2531 Formaque
391 2469 458 2512 non
480 2447 573 2512 taciti
595 2447 717 2512 funeris
741 2449 829 2512 intus
854 2448 933 2510 erat.

142 2531 277 2598 Femina
299 2534 411 2620 virque
435 2557 507 2601 meo
512 2586 521 2620 ,
544 2536 636 2619 pueri
656 2557 782 2621 quoque
800 2536 913 2600 funere
932 2539 1093 2602 maerent:

186 2621 288 2706 Inque
312 2623 406 2689 domo
430 2625 580 2690 lacrimas
604 2625 742 2709 angulus
766 2621 872 2690 omnis
895 2621 1005 2687 habet.

91 2725 129 2773 as
145 2707 180 2775 si
202 2711 278 2775 licet
301 2714 455 2796 exemplis
478 2714 513 2777 in
535 2734 635 2797 parvo
659 2713 836 2799 grandibus
860 2709 922 2794 uti,

185 2797 275 2864 Haec
297 2800 397 2865 facies
420 2802 549 2885 Troiae,
573 2823 645 2866 cum
668 2805 849 2886 caperetur,
873 2803 952 2862 erat

140 2884 273 2972 Iamque
297 2889 508 2972 quiescebant
530 2911 623 2954 voces
646 2890 879 2974 hominumque
902 2908 1092 2973 canumque,

67 3008 70 3012 ·
186 2973 341 3061 Lunaque
363 2982 541 3043 nocturnos
566 2979 633 3043 alta
656 2980 921 3065 regebat'equos.

140 3060 235 3128 Hanc
259 3086 319 3150 ego
343 3067 519 3151 suspiciens
547 3070 581 3132 et
608 3068 649 3131 ab
673 3067 734 3132 bac
759 3064 921 3151 Capitolia
944 3086 1090 3149 cernens,

88 3165 126 3214 30
185 3148 274 3227 Quae
297 3158 411 3220 nostro
433 3155 553 3220 frustra
576 3156 688 3220 iuncta
709 3156 800 3221 fuere
822 3153 912 3238 Lari,

141 3237 296 3305 ‘Numina
318 3243 432 3308 vicinis
454 3243 640 3309 habitantia
664 3243 806 3310 sedibus'
830 3245 965 3330 inquam

185 3326 332 3414 ‘lamque
356 3334 458 3398 oculis
485 3352 664 3416 numquam
689 3334 812 3418 templa
836 3330 973 3398 videnda
994 3331 1095 3414 meis,

139 3413 245 3501 Dique
268 3419 483 3506 relinquendi,
506 3443 587 3507 quos
610 3422 688 3486 urbs
711 3422 812 3487 habet
835 3422 903 3486 alta
927 3417 1067 3505 Quirini,
1151 3462 1159 3475 ·

125 3528 227 3580 Eclogse
241 3535 301 3580 poet.
315 3533 355 3575 lat.
370 3533 404 3574 sd.
414 3535 523 3576 Bassus.
913 3530 931 3579 8

1110 3568 1132 3629 Ji
