2392 3848
451 215 485 270 v.
505 213 683 271 rinvcnvs
709 197 711 202 ’
1032 217 1074 283 73

125 358 279 425 Rusticus
303 381 321 424 e
343 361 479 444 lucoque
502 360 602 438 vehit,
626 359 710 424 male
734 359 861 425 sobrius
884 362 968 447 ipse,

172 447 314 514 onrem
337 449 483 534 plaustro
506 449 759 533 progeniemque
781 448 921 515 domum.

128 536 189 603 Sed
212 535 349 603 Veneris
376 540 453 602 tunc
475 536 562 602 bella
586 537 705 616 calent,
732 537 916 622 scissosque
939 539 1074 624 capillos

147 664 150 669 ·
171 624 307 697 Femina
328 624 507 710 perfractas
530 626 800 711 conqueriturque
822 626 922 692 fores:

77 729 111 779 55
126 712 201 779 Flet
223 717 351 779 tenerae
375 715 511 779 subtusa
532 735 647 799 genas,
671 715 727 779 sed
749 715 854 780 victor
877 718 909 781 et
931 716 1001 800 ipse

171 800 245 868 Flet
267 802 331 867 sibi
354 802 518 867 dementes
541 805 610 867 tam
632 803 772 868 valuisse
795 824 920 869 manus.

126 891 174 956 At
194 891 335 957 lascivus
358 890 461 956 Amor
483 891 572 955 rixae
595 891 682 956 mala
704 891 803 957 verba
825 892 1001 977 ministrat,

171 977 262 1044 Inter
285 982 318 1044 et
340 980 460 1044 iratum
482 980 590 1045 lentus
613 983 784 1064 utrumque
808 980 906 1045 sedet.

127 1068 172 1153 A,
193 1068 277 1152 lapis
301 1071 351 1133 est
371 1067 570 1152 ferrumque,
599 1089 692 1133 suam
716 1068 909 1154 quicumque
931 1070 1076 1154 puellam

79 1173 113 1223 sc
171 1154 345 1222 Verberat:
369 1178 386 1221 e
410 1157 499 1221 caelo
523 1156 642 1240 deripit
663 1157 718 1221 ille
742 1157 847 1222 deos..

128 1242 179 1311 Sit
199 1245 352 1310 lacrimae
375 1245 515 1310 movisse
539 1245 632 1310 satis:
656 1249 771 1331 quater
792 1246 848 1311 ille
871 1248 1001 1332 beatus,

173 1331 242 1410 Quo
265 1336 378 1398 tenera
400 1334 484 1399 irato
507 1333 584 1398 flere
606 1335 716 1417 puella
737 1337 854 1417 potest

128 1420 191 1488 Sed
214 1422 365 1487 manibus
384 1423 439 1507 qui
460 1443 576 1487 saevus
595 1423 671 1506 erit,
694 1425 884 1507 scutumque
903 1424 1077 1508 sudemque

171 1509 204 1576 Is
228 1515 322 1595 gerat
345 1513 378 1575 et
400 1511 473 1575 miti
497 1511 541 1576 sit
562 1511 676 1594 procul
700 1532 720 1575 a
741 1509 878 1578 Venere.

79 1613 113 1666 eo
130 1597 175 1664 At
196 1599 303 1683 nobis,
325 1597 393 1664 Pax
417 1600 517 1684 alma,
539 1599 614 1665 veni
637 1598 821 1684 spicamque
843 1603 966 1685 tenete,

174 1687 316 1753 Perfluat
339 1691 373 1753 et
393 1689 499 1773 pomis
523 1688 678 1753 candidus
702 1691 778 1752 ante
802 1689 900 1756 sinus.

483 1847 514 1912 3.
547 1845 594 1931 (Ι,
616 1845 657 1933 e.)

200 1951 289 2006 Poeta
308 1949 444 2020 Corcyrae
463 1953 613 2022 aegrotans
631 1951 753 2007 Mortem
771 1952 944 2022 deprecatur.

128 2041 224 2108 Ibitis
247 2040 396 2127 Aegaeas
419 2041 489 2106 sine
512 2061 577 2124 me,
600 2040 765 2125 Messalla,
787 2062 846 2125 per
868 2041 985 2127 undas,

173 2127 350 2196 Outinam
374 2151 532 2194 memores
556 2130 627 2212 ipse
651 2129 830 2214 cohorsque
853 2130 929 2195 mei:

128 2217 182 2283 Me
205 2221 295 2283 tenet
316 2218 439 2303 ignotis
463 2238 597 2303 aegrum
618 2216 779 2284 Phaeacia
801 2218 912 2283 terris:

175 2306 351 2371 Abstineas
375 2306 499 2390 avidas,
522 2306 611 2372 Mors
634 2328 749 2391 precor
772 2310 857 2391 atra,
880 2329 1004 2372 manus.

99 2395 320 2478 5Abstiueas‚
343 2393 432 2460 Mors
456 2400 542 2479 atra,
564 2416 692 2479 precor:
717 2417 785 2460 non
802 2395 856 2459 hic
874 2396 955 2461 mihi
975 2398 1080 2460 mater

176 2483 265 2562 Quae
288 2483 377 2568 legat
399 2485 435 2548 in
456 2486 599 2548 maestos
624 2505 698 2548 ossa
720 2487 853 2567 perusta
877 2484 979 2567 rinus,

131 2570 208 2638 Non
230 2593 336 2655 soror,
359 2571 515 2655 Assyrios
539 2571 639 2636 cineri
663 2593 744 2656 quae
768 2571 865 2635 dedat
887 2572 1001 2637 odores

175 2660 221 2725 Et
242 2660 320 2725 fleat
342 2660 451 2725 effusis
476 2663 551 2725 ante
576 2661 721 2744 sepulcra
744 2660 858 2741 comis,

130 2748 228 2814 Delia
249 2771 317 2815 non
340 2770 492 2833 usquam3
516 2770 598 2833 quae
621 2771 674 2813 me
697 2771 770 2814 cum
793 2749 938 2813 mitteret
960 2749 1053 2835 urbe,

81 2855 116 2904 10
176 2836 304 2904 Dicitur
326 2841 401 2902 ante
425 2859 537 2902 omnes
561 2838 763 2903 consuluisse
786 2837 871 2902 deos.

130 2927 194 2991 Illa
217 2947 325 2990 sacras
348 2925 440 3010 pueri
464 2929 567 2992 sortes
589 2929 640 2990 ter
663 2926 809 2992 sustulit:
831 2925 880 2989 illi

175 3014 318 3080 Rettulit
340 3036 358 3078 e
380 3014 476 3079 trinis
500 3015 609 3080 omina
632 3018 720 3079 certa
742 3035 831 3098 puer.

132 3103 259 3183 Cuncta
282 3102 403 3167 dabant
429 3103 563 3168 reditus:
595 3106 706 3167 tamen
734 3106 784 3167 est
810 3103 963 3168 deterrita
989 3125 1081 3169 num·

833 3213 922 3276 uam,

178 3280 263 3357 Quin
286 3279 378 3345 fleret
399 3282 528 3345 nostras
551 3282 779 3364 respueretque
802 3215 882 3347 dias.

84 3385 118 3436 15
132 3370 208 3454 lpse
231 3390 293 3454 ego
317 3369 453 3453 solator,
476 3389 548 3434 cum
571 3368 637 3431 iam
660 3368 813 3433 mandata
836 3368 1007 3453 dedissem,

178 3456 381 3534 Quaerebam
403 3457 512 3522 tardas
537 3456 652 3522 anxius
676 3479 778 3542 usque
800 3477 925 3522 moras.
