2384 3848
124 171 167 237 68
367 171 415 227 IV.
436 170 631 227 clTanvs
668 172 702 227 V.
722 170 900 226 TIBVLLVS

189 315 258 383 Nec
282 320 432 381 sanctam
454 316 596 382 violasse
619 315 729 396 fidem,
751 337 810 381 nec
832 316 960 382 foedere
983 318 1019 381 in
1041 319 1114 386 ullo

237 404 357 470 Divum
383 404 425 470 ad
447 404 605 470 fallendos
628 405 762 470 numine
785 405 923 470 abusum
945 404 1112 492 homines,

160 493 296 559 5Multa
318 497 436 579 parata
458 496 593 558 manent
616 494 651 558 in
673 493 774 578 longa
797 496 917 579 aetate,
940 490 1081 581 Catulle,

235 582 287 648 Ex
308 583 371 647 hoo
393 582 523 667 ingrato
546 582 666 667 gaudia
689 603 799 647 amore
821 581 892 647 tibi.

191 668 277 738 Nam
305 691 527 756 quaecumque
553 669 704 735 homines
731 671 814 737 bene
842 671 992 756 cuiquam
1015 676 1074 737 aut
1097 673 1146 737 di-

869 780 940 824 cere
964 765 1105 843 possunt

236 846 305 912 Aut
327 847 448 931 facere,
471 847 551 912 haec
574 869 594 911 a
615 849 648 910 te
671 846 822 932 dictaque
842 847 994 932 factaque
1018 853 1114 923 sunt:

193 935 311 1002 Omnia
335 958 417 1021 quae
439 935 588 1020 ingratae
610 935 776 1019 perierunt
798 936 920 1002 credita
943 937 1053 1004 menti

146 1040 179 1090 10
240 1025 345 1101 Quare
368 1047 425 1089 cur
446 1027 483 1088 tu
506 1024 630 1088 teiam
654 1024 793 1108 amplius
817 1025 1001 1089 excrucies?

193 1112 279 1189 Quin
297 1116 333 1176 tu
353 1112 461 1177 animo
481 1112 626 1176 offirmas
646 1115 743 1196 atque
761 1113 857 1177 istinc
875 1115 908 1177 te
926 1113 997 1197 ipae
1015 1115 1145 1181 reducis

237 1199 282 1265 Et
305 1201 354 1266 dis
378 1200 491 1266 invitis
516 1200 636 1265 desinis
660 1221 731 1265 esse
753 1201 874 1266 miser?

191 1287 332 1354 Difficile
355 1292 405 1353 est
427 1289 564 1374 longum
587 1288 695 1354 subito
720 1289 879 1373 deponere
902 1311 1055 1355 amorem.

235 1376 376 1442 Difficile
400 1381 464 1461 est,
487 1399 600 1442 verum
622 1377 684 1442 hoc
708 1399 771 1461 qua
793 1378 884 1443 lubet
907 1377 1037 1444 efficias.

143 1484 176 1532 16
191 1465 265 1533 Vna
288 1467 377 1531 salus
400 1465 481 1531 haec
504 1470 568 1550 est,
590 1466 652 1531 hoc
676 1471 725 1530 est
747 1466 816 1532 tibi>
831 1466 1098 1550 pervincendum:

236 1555 309 1621 Hoc
330 1555 446 1638 facias,
470 1555 538 1619 sive
562 1554 596 1618 id
618 1575 686 1619 non
708 1558 785 1637 pote
810 1555 876 1621 sive
899 1557 985 1638 pote,

191 1642 218 1708 0
234 1644 280 1727 di,
300 1643 328 1708 si
341 1649 485 1708 vestrum
503 1645 554 1708 eat
566 1642 726 1727 misereri,
741 1646 798 1707 aut
812 1644 839 1708 si
854 1643 971 1728 quibus
986 1665 1143 1730 umquam

237 1730 427 1796 Extremam
448 1732 515 1795 iam
538 1731 609 1816 ipsa
631 1733 736 1797 morte
758 1732 881 1796 tulistis
905 1753 1014 1817 opem,

192 1818 246 1884 Me
269 1820 423 1884 miserum
447 1818 603 1902 adspicite
627 1821 673 1902 et,
696 1819 724 1882 si
746 1820 849 1884 vitam
871 1820 996 1904 puriter
1019 1821 1087 1906 egi,

145 1923 181 1973 20
239 1907 365 1992 Eripite
387 1907 472 1972 hanc
494 1910 621 1992 pestem
642 1907 882 1993 perniciemque
905 1909 994 1975 milri

191 1996 234 2063 Ei
257 1996 338 2061 mihi
362 1996 538 2081 subrepens
561 1996 645 2062 imos
668 1999 706 2060 ut
727 2000 842 2081 torpor
865 1997 900 2062 in
923 2001 1013 2063 artus

237 2085 372 2169 Expulit
395 2085 546 2150 exomni
568 2088 699 2169 pectore
721 2085 877 2150 laetitias!

191 2172 269 2238 Non
290 2175 356 2237 iam
378 2173 460 2237 illud
483 2192 617 2257 quaero,
641 2175 754 2237 contra
775 2175 813 2237 ut
834 2195 886 2238 me
910 2173 1027 2258 diligat
1048 2173 1121 2259 illa,

238 2260 320 2344 Aut,
344 2261 429 2345 quod
450 2281 516 2325 non
539 2261 626 2344 potis
649 2264 713 2346 est,
736 2282 805 2327 esse
828 2261 946 2347 pudica
968 2261 1061 2326 velit:

147 2365 180 2413 25
194 2348 270 2434 lpse
284 2349 392 2413 valere
407 2351 484 2433 opto
499 2351 533 2412 et
545 2350 686 2417 taetrum
703 2348 789 2413 hunc
806 2349 963 2434 deponere
982 2351 1143 2417 morbum.

236 2436 263 2503 0
287 2436 333 2521 di,
354 2437 478 2502 reddite
500 2436 547 2501 mi
569 2436 631 2502 hoo
653 2458 713 2521 pro
736 2437 858 2521 pietate
881 2458 961 2502 mea.

526 2633 738 2642 ---.--.

439 2757 482 2828 V.
528 2760 649 2832 Altius
676 2760 828 2832 Tibullus

117 2895 206 2959 ,natus
226 2895 271 2949 est
288 2893 362 2948 inter
382 2909 468 2948 annos
486 2911 514 2962 p.
528 2893 562 2947 U.
582 2909 604 2947 c.
624 2898 676 2948 695
695 2895 725 2948 et
743 2899 795 2949 700
813 2896 858 2965 (59
877 2896 907 2949 et
925 2899 960 2948 54
978 2910 1003 2949 a.
1019 2892 1084 2948 chr.
1103 2897 1141 2964 n.)

124 2982 233 3037 familia
254 2984 316 3037 tum
339 2981 488 3052 locupleti,
515 2983 617 3051 postea
640 2981 738 3037 adres
757 2982 998 3038 minusllorentes
1017 2983 1141 3039 redacta.

125 3073 195 3126 Post
203 3087 328 3141 pugnam
336 3071 481 3126 Actiacam
489 3068 677 3124 M.Valerium
684 3069 843 3125 Messallam
851 3069 1000 3125 corvinum
1010 3070 1142 3138 amicum,

90 3227 97 3235 .
125 3158 270 3213 hominem
284 3158 313 3212 et
325 3157 485 3214 litterarum
498 3157 598 3213 studiis
616 3160 645 3213 et
657 3157 699 3212 rei
712 3157 843 3214 militaris
857 3157 976 3213 scientia
992 3157 1142 3228 insignem,

126 3263 189 3302 cum
207 3246 364 3316 Aquitanos
382 3246 549 3302 rebellantes
566 3245 736 3317 profligaret,
755 3246 904 3302 comitatus
923 3247 975 3314 eat,
993 3261 1019 3301 a.
1035 3247 1142 3318 ⁷24l30

126 3334 245 3390 eundem
268 3333 297 3388 in
316 3330 459 3397 Orientem
481 3335 660 3404 sequebatur,
679 3334 728 3389 aed
742 3331 879 3404 Corcyrae
898 3333 996 3388 morbo
1014 3335 1141 3391 retentus

125 3423 191 3478 inde
200 3423 320 3480 Romam
333 3421 425 3477 rediit.
453 3420 580 3477 Mortuus
595 3425 638 3478 est
652 3439 676 3477 a.
684 3422 751 3488 735]
756 3428 796 3477 19.
821 3421 934 3477 Amicus
949 3423 1012 3477 erat
1021 3422 1142 3494 Horatii,
