2384 3848
86 173 129 240 96
441 173 489 228 VI.
508 172 739 229 PROPERTIVS

153 317 240 385 Nam
254 318 332 403 quid
345 340 406 405 ego
420 319 551 403 heroas,
560 318 637 403 quid
651 320 776 402 raptem
790 317 826 382 in
841 317 977 383 crimina
990 317 1108 385 divos?

198 408 346 492 Iuppiter
367 408 505 472 infamat
527 429 623 491 seque
648 428 802 490 suamque
826 406 966 472 domum.

158 497 254 580 Quid,
284 497 381 562 modo
404 518 487 580 quae
514 497 635 560 nostris
659 495 835 580 opprobria
857 496 982 560 vexerit
1005 496 1107 562 armis

106 603 140 651 30
201 585 247 650 Et
268 586 408 650 famulos
431 586 517 649 inter
539 584 662 649 femina
684 584 767 656 trita
785 584 884 649 suos‘?

158 673 309 758 Coniugii
332 673 463 740 obsceni
486 675 626 758 pretium
648 672 795 737 Romana
817 672 969 756 poposcit

199 761 329 827 Moenia
352 765 385 826 et
408 762 554 828 addictos
577 763 612 826 in
634 784 693 826 sua
715 782 817 847 regna
839 763 962 844 patres!

156 849 264 916 Noxia
287 851 498 934 Alexandria,
522 851 605 915 dolis
629 849 799 934 aptissima
821 849 933 933 tellus,

200 939 245 1004 Et
268 940 388 1004 totiens
411 943 525 1004 nostro
548 937 693 1022 Memphi
716 941 849 1003 cruenta
871 940 971 1023 malo,

107 1045 141 1093 35
157 1028 237 1093 Tres
260 1028 317 1092 ubi
340 1027 495 1111 Pompeio
518 1027 658 1091 detraxit
681 1049 779 1092 arena
800 1027 998 1112 triumphos!

201 1116 308 1180 Tollet
329 1116 421 1180 nulla
444 1114 512 1180 dies
535 1115 619 1180 hanc
641 1115 716 1200 tibi,
738 1115 857 1198 Roma,
879 1120 1001 1180 notam.

155 1204 263 1269 Issent
285 1203 464 1288 Phlegraeo
488 1204 604 1268 melius
627 1204 687 1269 tibi
710 1203 825 1268 funera
848 1226 977 1289 campo,

199 1291 262 1357 Vel
284 1296 343 1358 tua
366 1293 394 1357 si
417 1314 529 1357 socero
554 1292 640 1357 colla
662 1291 797 1357 datrrrus
820 1314 901 1357 eras.

156 1379 286 1447 Scilicet
308 1382 424 1447 incesti
446 1382 599 1446 meretrix
621 1381 735 1466 regina
758 1379 883 1464 Oanopi

107 1489 142 1538 40
202 1468 291 1555 (Vna
312 1469 481 1555 Philippeo
506 1471 663 1556 sanguine
687 1471 803 1535 adusta
825 1467 919 1555 nota)

145 1558 246 1637 -Ausa
267 1557 339 1624 lovi
361 1562 475 1625 nostro
499 1560 676 1624 latrantem
700 1579 863 1644 opponere
885 1558 1047 1645 Anubim,

201 1647 246 1712 Rt
270 1647 413 1712 Tiberim
436 1646 505 1712 Nili
529 1667 642 1732 cogere
665 1648 749 1712 ferre
772 1648 893 1732 minas,

154 1737 399 1820 Romanamque
420 1736 534 1801 tubam
557 1736 731 1819 crepitanti
755 1737 874 1820 pellere
899 1735 1013 1820 sistro,

202 1824 340 1889 Baridos
363 1829 397 1889 et
420 1826 523 1889 contis
546 1825 654 1890 rostra
675 1823 820 1890 Liburna
844 1824 948 1910 sequi,

108 1929 143 1978 45
157 1911 328 1996 Foedaque
352 1912 490 1997 Tarpeio
514 1913 653 1997 conopia
675 1913 807 1978 tendere
830 1934 923 1997 saxo,

200 2002 277 2066 Iura
300 2002 377 2066 dare
400 2006 433 2066 ct
456 2006 582 2067 statuas
604 2003 691 2066 inter
713 2006 747 2066 et
770 2023 860 2066 arma
883 2000 977 2067 Mari.

157 2090 242 2168 Quid
264 2112 351 2156 nunc
373 2090 542 2175 Tarquinii
563 2091 683 2155 fractas
707 2091 798 2156 iuvat
820 2111 891 2156 esse
915 2111 1058 2174 sacimas,

200 2178 341 2243 Nomine
365 2200 460 2263 quem
484 2179 583 2243 simili
605 2179 673 2243 vita
696 2180 837 2262 superba
858 2182 968 2260 notat,

156 2264 191 2330 Si
214 2266 330 2331 mulier
352 2267 505 2350 patienda
527 2266 610 2331 fuit?
634 2260 871 2353 cape,Rd1na,
894 2267 1111 2352 triumphum,

110 2372 144 2420 5ο
204 2354 249 2418 Et
271 2354 406 2440 longum
429 2353 580 2440 Augusto
604 2356 695 2421 salva
717 2378 849 2442 precare
871 2355 967 2421 diem.

156 2442 284 2529 Fugisti
307 2446 416 2509 tamen
438 2444 473 2508 in
495 2444 603 2508 timidi
626 2465 709 2529 vaga
732 2446 865 2510 flumina
887 2444 971 2511 Nili:

200 2535 363 2616 Accepere
386 2532 461 2597 tuae
484 2532 624 2598 Romula
648 2534 756 2599 vincla
778 2556 903 2599 manus.

156 2619 316 2686 Bracchia
340 2623 483 2706 spectavi
507 2623 607 2687 sacris
631 2622 784 2689 admorsa
807 2621 962 2708 colubris,

202 2709 247 2773 Et
269 2709 399 2774 trahere
423 2711 589 2776 occultum.
609 2713 754 2776 membra
777 2713 904 2795 soporis
926 2711 999 2781 iter.

108 2813 142 2862 55
158 2797 249 2864 ‘Non
271 2797 347 2881 hoc,
370 2798 489 2882 Roma,
512 2799 675 2865 britanio
698 2801 760 2865 tibi
783 2801 853 2866 cive
876 2799 1035 2865 verenda'

200 2885 292 2951 Dixit
316 2886 365 2951 ‘ct
388 2886 523 2952 adsiduo
547 2889 661 2971 lingua
684 2890 812 2973 sepulta
834 2888 947 2955 mero?

158 2974 288 3058 Septem
312 2976 390 3041 urbs
414 2977 481 3040 alta
503 2976 603 3062 iugis,
630 2981 702 3044 toto
726 3000 809 3062 quae
835 2978 1005 3062 praesidet,
1025 2977 1107 3062 orbi,

201 3063 370 3128 Femineas
392 3065 503 3130 timuit
524 3067 639 3130 territa
661 3065 767 3131 Marte
790 3068 906 3132 minas.

157 3150 353 3217 Hannibalis
378 3153 485 3236 spolia
507 3158 540 3218 et
561 3155 640 3220 victi
662 3160 875 3221 monumenta
892 3153 1058 3240 Syphacis

109 3256 143 3304 co
201 3239 247 3304 Et
268 3240 385 3322 Pyrrhi
407 3242 448 3305 ad
471 3247 603 3309 nostros
626 3244 732 3330 gloria
754 3245 859 3309 fracta
881 3245 995 3329 pedes,

157 3325 289 3394 Curtius
313 3329 447 3412 expletis
472 3333 589 3397 statuit
611 3337 822 3399 monumenta
844 3334 986 3418 lacunis,

48 3408 51 3423 '
74 3444 77 3449 ·
201 3416 248 3481 At
269 3416 390 3482 Decius
413 3419 512 3485 misso
536 3422 660 3506 proelia
682 3423 771 3507 rupit
794 3445 892 3508 equo,
