2384 3848
454 181 501 238 IV.
521 181 711 238 cluvnnvs

139 326 343 411 Propontida
365 329 529 391 trucemve
552 325 723 393 Ponticum
748 328 867 412 sinum,

89 433 125 483 10
141 414 209 482 Vbi
230 415 292 480 iste
315 418 392 499 post
414 415 567 499 phaselus
592 418 688 481 antea
710 415 773 480 fuit
864 466 867 473 .

141 502 281 570 Comata
304 504 400 569 silve:
423 525 499 568 nam
523 501 655 589 Cytorio
678 503 714 568 in
736 505 814 592 iugo

139 593 307 678 Loquente
331 613 426 676 saepe
450 593 580 658 sibilum
603 592 704 658 edidit
726 615 827 659 coma.

140 681 287 747 Amastri
310 680 447 746 Pontica
469 685 503 746 et
526 680 646 765 Cytore
670 682 809 766 buxifer,

141 769 219 835 Tibi
240 769 321 834 haec
343 769 445 834 fuisse
469 772 502 834 et
524 792 594 835 esse
618 771 841 854 cognitissima

89 873 123 924 1⁶
138 859 199 924 Ait
219 858 385 942 phaselus:
408 859 525 924 ultima
547 881 586 923 ex
609 859 734 944 origine

141 947 212 1013 Tuo
236 947 366 1012 stetisse
389 946 467 1013 dicit
489 947 522 1011 in
546 948 725 1032 cacumine,

141 1034 211 1101 Tuo
234 1035 391 1100 imbuisse
414 1035 575 1120 palmulas
598 1035 633 1099 in
656 1057 807 1120 aequore,

141 1123 187 1190 nt
208 1123 285 1189 inde
307 1127 359 1189 tot
380 1145 439 1208 per
460 1123 644 1208 inpotentia
666 1124 751 1189 freta

139 1212 242 1278 Erum
265 1213 391 1296 tulisse,
414 1213 508 1278 laeva
529 1212 596 1278 sive
619 1212 752 1278 dextera

90 1317 126 1367 20
141 1300 283 1366 Vocaret
305 1323 397 1384 aura,
421 1301 489 1366 sive
511 1306 684 1386 utrumque
707 1301 852 1386 Iuppiter

141 1387 245 1454 Simul
269 1389 426 1455 secundus
449 1388 616 1455 incidisset
639 1391 674 1454 in
697 1390 825 1474 pedem;

139 1475 253 1563 Neque
276 1479 343 1543 ulla
364 1482 442 1543 vota
464 1479 647 1544 litoralibus
671 1477 738 1543 deis

141 1565 211 1632 Sibi
235 1588 306 1632 esse
329 1567 429 1651 facta,
452 1588 525 1632 cum
547 1568 675 1632 veniret
697 1589 717 1631 a
740 1567 822 1632 mari

140 1653 326 1721 Novissime
349 1655 437 1720 hunc
459 1655 500 1720 ad
523 1678 625 1741 usque
648 1655 818 1740 limpidum
840 1657 956 1723 lacum.

90 1760 125 1810 25
140 1742 204 1809 Sed
226 1744 307 1809 haec
328 1744 420 1828 prius
443 1744 547 1809 fuere:
570 1766 665 1810 nunc.
678 1745 845 1811 recondita

142 1830 241 1898 Senot
263 1833 371 1917 quiete
394 1854 491 1918 seque
514 1833 642 1899 dedicat
663 1833 737 1918 tibi,

140 1919 286 1986 Gemelle
307 1919 423 1987 Castor
446 1925 479 1987 et
501 1923 637 2006 gemelle
661 1920 813 1988 Castoris.

493 2081 523 2147 6.
555 2079 674 2167 (apo.)

382 2185 428 2239 Ad
447 2185 476 2239 Ο.
495 2184 634 2240 Licinium
653 2183 779 2242 Calvum.

141 2275 317 2360 Hesterno,
340 2274 458 2360 Licini,
482 2276 533 2340 die
557 2277 654 2342 otiosi

140 2363 280 2431 Multum
301 2363 437 2430 lusimus
461 2365 497 2429 in
519 2365 599 2430 meis
621 2365 768 2449 tabellis,

139 2452 186 2519 Vt
209 2456 404 2519 convenerat
427 2475 498 2518 esse
522 2454 686 2520 delicatos.

140 2541 291 2610 Scribens
313 2543 490 2609 versiculos
517 2546 651 2628 uterque
673 2545 821 2606 nostrum

106 2629 286 2698 studebat
306 2652 441 2697 numero
464 2631 561 2697 modo
583 2631 647 2696 hoc
669 2631 765 2696 modo
789 2631 877 2714 illoc,
950 2700 954 2705 ,

138 2719 290 2787 Reddens
314 2724 427 2786 mutua
449 2740 508 2804 per
529 2721 635 2786 iocum
659 2723 755 2804 atque
778 2719 897 2786 vinum.

140 2809 248 2895 Atque
270 2808 360 2874 illinc
384 2808 450 2874 abii
473 2811 529 2873 tuo
553 2810 662 2892 lepore

138 2895 307 2983 incensus,
330 2896 450 2983 Licini,
472 2896 676 2983 facetiisque,

138 2984 186 3052 Vt
207 3009 267 3053 nec
289 3008 342 3052 me
366 2988 521 3053 miserum
544 2986 634 3053 cibus
657 2987 796 3070 iuvaret,

89 3093 124 3142 10
138 3073 209 3142 Nec
233 3097 366 3143 somnus
388 3079 513 3162 tegeret
536 3075 644 3160 quiete
667 3075 801 3159 ocellos,

139 3160 203 3230 Sed
225 3168 296 3232 toto
320 3165 497 3231 indomitus
520 3165 629 3229 furore
652 3164 735 3229 lecto

138 3252 297 3320 Versarer
320 3254 453 3339 cupiens
476 3252 584 3318 videre
607 3253 726 3336 lucem,

138 3341 187 3408 Vt
207 3346 316 3409 tecum
339 3343 499 3428 loquerer,
522 3341 682 3426 simulque
704 3343 742 3404 ut
764 3360 876 3405 essem.

139 3432 187 3496 At
208 3431 336 3497 defessa
360 3431 471 3496 labore
495 3429 641 3496 membra
663 3432 841 3518 postquam

1047 182 1090 250 63
