2384 3848
131 179 195 242 118
524 178 582 235 Vll.
603 177 750 236 OVIDIVS

236 322 281 386 Et
304 324 403 409 longa
425 325 531 409 pietas
554 324 681 389 excidat
703 325 766 389 ista
790 324 849 388 die.

146 427 178 475 15
193 409 236 475 Di
259 411 320 476 tibi
344 413 410 477 sint
432 412 558 498 faciles,
582 416 615 478 et
637 413 710 497 opis
733 413 854 478 nullius
879 417 1029 499 egentem

238 499 416 566 Fortunam
438 505 605 586 praestent
628 502 881 587 dissimilemque
907 523 1007 567 meae.

195 586 229 652 si
252 590 363 656 tamen
385 591 465 656 haec
487 590 580 655 nevis
604 594 700 656 vento
723 591 862 655 ferretur
885 590 1003 674 amieo,

237 677 447 762 Ignoraretur
469 679 606 745 forsitan
628 680 693 744 ista
714 679 804 744 fides.

92 794 95 799 ·
192 765 317 832 Thesea
339 767 504 833 Pirithous
527 790 594 834 non
615 771 684 833 tam
708 768 863 834 sensisset
886 768 1039 853 amicum,

66 3598 101 3629 the.

143 871 177 919 20
238 853 272 920 Si
293 877 360 922 non
381 855 525 921 infernas
549 857 640 922 virus
664 857 785 922 adisset
808 879 917 941 aquas.

193 942 238 1008 Vt
260 944 346 1009 foret
369 946 551 1029 exemplum
574 946 642 1010 veri
665 944 810 1011 Phoceus
834 945 967 1030 amoris,

238 1031 397 1098 Fecerunt
421 1033 551 1117 Furiae,
574 1035 679 1099 tristis
704 1033 832 1116 Oresta,
855 1037 939 1098 tuae.

194 1118 229 1185 Si
251 1143 316 1187 non
339 1112 500 1206 Euryalus
524 1122 664 1188 Rutulos
688 1122 858 1187 cecidisset
880 1123 916 1186 in
936 1123 1063 1209 hostes,

237 1208 435 1293 Hyrtacidae
457 1209 531 1276 Nisi
555 1211 661 1297 gloria
683 1210 775 1275 nulla
798 1210 891 1276 foret.

144 1314 179 1362 25
195 1295 324 1363 Scilicet
345 1303 383 1363 ut
404 1299 528 1364 fulvum
552 1302 717 1385 spectatur
739 1300 773 1364 in
796 1299 927 1386 ignibus
950 1322 1080 1385 aurum,

239 1385 398 1472 Tempore
421 1387 468 1453 sio
492 1389 571 1454 duro
595 1392 645 1454 est
667 1387 870 1472 inspicienda
891 1387 980 1454 fides.

192 1474 279 1540 Dum
302 1477 392 1543 iuvat
414 1480 447 1542 et
469 1478 560 1542 voltu
584 1477 667 1542 ridet
689 1476 836 1542 Fortuna
859 1498 986 1569 sereno,

235 1563 435 1631 Indelibatas
459 1570 575 1631 cuncta
598 1569 775 1652 sequuntur
798 1587 890 1650 opes:
1000 1624 1005 1634 .

192 1653 238 1716 At
261 1653 356 1719 simul
379 1655 534 1738 intonuit,
556 1654 699 1739 fugiunt,
721 1675 782 1719 nec
804 1653 948 1720 noscitur
970 1653 1043 1736 ulli,

143 1757 178 1805 30
238 1740 431 1826 Agminibus
455 1744 611 1808 comitum
635 1744 690 1828 qui
713 1743 808 1808 modo
833 1744 957 1808 cinctus
981 1747 1060 1808 erat

191 1829 299 1914 Atque
323 1830 415 1914 haec,
439 1832 592 1915 exemplis
616 1832 779 1916 quondam
803 1833 938 1897 collecta
961 1832 1123 1917 priorum,

234 1916 330 1983 Nunc
352 1919 432 1983 mihi
455 1922 531 1984 sunt
553 1921 693 2005 propriis
717 1920 849 2006 cognita
870 1940 949 1986 vera
971 1921 1077 1986 malis.

191 2005 256 2071 Vix
279 2007 342 2071 duo
365 2011 470 2073 tresve
493 2009 573 2074 mihi
597 2009 636 2074 de
658 2012 709 2074 tot
732 2009 907 2093 superestis
931 2009 1041 2075 amici:

236 2094 352 2161 Cetera
373 2096 549 2182 Fortunae,
572 2120 639 2164 non
662 2120 734 2164 mea
757 2098 853 2162 turba
875 2096 947 2162 fuit.

142 2199 176 2251 35
192 2183 266 2260 Quo
284 2185 404 2268 magis,
428 2207 446 2249 o
470 2187 578 2270 pauci,
600 2186 696 2251 rebus
720 2186 896 2251 succurrite
920 2185 1031 2270 laesis,

233 2271 278 2336 Et
301 2270 374 2335 date
397 2273 568 2358 naufragio
590 2275 688 2339 litora
711 2277 783 2338 tuta
806 2295 886 2338 meo.

187 2358 278 2425 Neve
301 2363 391 2425 metu
413 2361 495 2426 falso
518 2361 655 2426 nimium
677 2362 838 2447 trepidate
859 2361 1026 2445 timentes,

233 2446 305 2514 Hac
329 2449 507 2514 offendatur
529 2473 569 2515 ne
592 2451 714 2534 pietate
738 2450 825 2516 deus.

190 2537 293 2622 Saepe
314 2538 411 2603 fidem
435 2539 577 2604 adversis
601 2540 699 2604 etiam
722 2539 867 2604 laudarit
889 2539 924 2603 in
948 2541 1047 2605 armis
1053 2592 1062 2624 ,

140 2642 175 2690 40
234 2625 334 2710 Inque
358 2628 425 2692 suis
448 2631 538 2692 emat
559 2628 643 2692 hanc
664 2626 795 2712 Caesar,
817 2628 852 2692 in
874 2628 970 2694 hoste
992 2631 1122 2714 probat.

190 2712 295 2779 Causa
318 2737 390 2780 mea
413 2720 462 2780 est
484 2716 611 2799 melior,
634 2716 689 2801 qui
712 2738 780 2781 non
803 2717 965 2782 contraria
987 2717 1057 2783 fovi

233 2801 348 2889 Arma,
371 2804 426 2868 sed
449 2804 534 2868 hanc
556 2806 659 2869 mer'ui
682 2805 890 2888 simplicitate
913 2806 1035 2890 fugam

189 2890 344 2976 invigiles
367 2892 467 2978 igitur
490 2893 611 2958 nostris
634 2916 692 2978 pro
717 2894 858 2978 casibus,
882 2915 953 2978 oro,

233 2979 385 3045 Dominui
409 2982 437 3047 si
461 3003 524 3066 qua
547 2983 689 3047 numinis
712 2983 761 3047 ira
783 2985 901 3067 potest

433 3141 463 3206 5.
496 3139 560 3226 (Ex
583 3141 689 3205 Ponto
712 3140 760 3206 IV
784 3139 824 3227 3.)

452 3244 497 3297 Ad
515 3242 652 3313 perfidum
671 3244 800 3301 amicum.

189 3329 385 3421 Conquerar,
404 3356 445 3397 an
458 3335 605 3400 taceam?
628 3357 748 3420 ponam
763 3336 832 3401 sine
850 3337 981 3402 nomine
1000 3336 1138 3422 crimen,

188 3500 203 3527 ι
234 3421 287 3486 An
309 3424 437 3506 notum,
461 3423 516 3507 qui
539 3425 596 3507 sis,
621 3424 771 3491 omnibus
795 3446 865 3492 esse
889 3424 1009 3491 velim?
