<?xml version="1.0" encoding="UTF-8"?>
<!DOCTYPE html PUBLIC "-//W3C//DTD XHTML 1.0 Transitional//EN"
    "http://www.w3.org/TR/xhtml1/DTD/xhtml1-transitional.dtd">
<html xmlns="http://www.w3.org/1999/xhtml" xml:lang="en" lang="en">
 <head>
  <title>
</title>
<meta http-equiv="Content-Type" content="text/html;charset=utf-8" />
  <meta name='ocr-system' content='tesseract 3.04.00' />
  <meta name='ocr-capabilities' content='ocr_page ocr_carea ocr_par ocr_line ocrx_word'/>
</head>
<body>
  <div class='ocr_page' id='page_1' title='image "./eclogaepoetarum00unkngoog_0104.png"; bbox 0 0 2384 3848; ppageno 0'>
   <div class='ocr_carea' id='block_1_1' title="bbox 436 179 730 237">
    <p class='ocr_par' dir='ltr' id='par_1_1' title="bbox 436 179 730 237">
     <span class='ocr_line' id='line_1_1' title="bbox 436 179 730 237; baseline 0.003 -1"><span class='ocrx_word' id='word_1_1' title='bbox 436 180 483 236; x_wconf 85' lang='lat' dir='ltr'><strong>Vl.</strong></span> <span class='ocrx_word' id='word_1_2' title='bbox 502 179 730 237; x_wconf 81' lang='lat' dir='ltr'>PROPERTIVS</span> 
     </span>
    </p>
   </div>
   <div class='ocr_carea' id='block_1_2' title="bbox 83 326 1098 3505">
    <p class='ocr_par' dir='ltr' id='par_1_2' title="bbox 83 326 1098 3505">
     <span class='ocr_line' id='line_1_2' title="bbox 136 326 903 413; baseline -0.003 -19"><span class='ocrx_word' id='word_1_3' title='bbox 136 327 188 393; x_wconf 83' lang='lat' dir='ltr'><strong>Ita</strong></span> <span class='ocrx_word' id='word_1_4' title='bbox 210 326 325 413; x_wconf 88' lang='lat' dir='ltr'><strong>procul</strong></span> <span class='ocrx_word' id='word_1_5' title='bbox 348 326 490 409; x_wconf 76' lang='lat' dir='ltr'><strong>fraudes,</strong></span> <span class='ocrx_word' id='word_1_6' title='bbox 514 326 577 390; x_wconf 88' lang='lat' dir='ltr'><strong>alio</strong></span> <span class='ocrx_word' id='word_1_7' title='bbox 602 326 669 390; x_wconf 89' lang='lat' dir='ltr'><strong>sint</strong></span> <span class='ocrx_word' id='word_1_8' title='bbox 691 330 764 391; x_wconf 71' lang='lat' dir='ltr'><strong>aere</strong></span> <span class='ocrx_word' id='word_1_9' title='bbox 785 348 903 393; x_wconf 84' lang='lat' dir='ltr'>noxae:</span> 
     </span>
     <span class='ocr_line' id='line_1_3' title="bbox 90 415 879 486; baseline -0.003 -4"><span class='ocrx_word' id='word_1_10' title='bbox 90 433 123 484; x_wconf 89' lang='lat'><strong>10</strong></span> <span class='ocrx_word' id='word_1_11' title='bbox 183 415 269 481; x_wconf 87' lang='lat' dir='ltr'><strong>Pura</strong></span> <span class='ocrx_word' id='word_1_12' title='bbox 290 437 412 482; x_wconf 86' lang='lat' dir='ltr'><strong>novum</strong></span> <span class='ocrx_word' id='word_1_13' title='bbox 434 415 503 480; x_wconf 85' lang='lat' dir='ltr'><strong>vati</strong></span> <span class='ocrx_word' id='word_1_14' title='bbox 525 415 639 486; x_wconf 21' lang='lat' dir='ltr'><strong>laurea,</strong></span> <span class='ocrx_word' id='word_1_15' title='bbox 657 415 764 480; x_wconf 88' lang='lat' dir='ltr'><strong>mollit</strong></span> <span class='ocrx_word' id='word_1_16' title='bbox 786 415 856 480; x_wconf 89' lang='lat' dir='ltr'><strong>iter.</strong></span> <span class='ocrx_word' id='word_1_17' title='bbox 874 445 879 455; x_wconf 94' lang='lat'>·</span> 
     </span>
     <span class='ocr_line' id='line_1_4' title="bbox 137 503 946 588; baseline -0.001 -18"><span class='ocrx_word' id='word_1_18' title='bbox 137 504 247 588; x_wconf 85' lang='lat' dir='ltr'><strong>Musa,</strong></span> <span class='ocrx_word' id='word_1_19' title='bbox 269 503 411 581; x_wconf 76' lang='lat' dir='ltr'><strong>Palatini</strong></span> <span class='ocrx_word' id='word_1_20' title='bbox 433 505 608 569; x_wconf 86' lang='lat' dir='ltr'><strong>referemus</strong></span> <span class='ocrx_word' id='word_1_21' title='bbox 632 503 795 587; x_wconf 79' lang='lat' dir='ltr'><strong>Apollinis</strong></span> <span class='ocrx_word' id='word_1_22' title='bbox 819 505 946 569; x_wconf 90' lang='lat' dir='ltr'><strong>aedem:</strong></span> 
     </span>
     <span class='ocr_line' id='line_1_5' title="bbox 184 591 867 678; baseline 0.003 -20"><span class='ocrx_word' id='word_1_23' title='bbox 184 593 250 659; x_wconf 88' lang='lat' dir='ltr'><strong>Res</strong></span> <span class='ocrx_word' id='word_1_24' title='bbox 274 597 338 677; x_wconf 89' lang='lat' dir='ltr'><strong>est,</strong></span> <span class='ocrx_word' id='word_1_25' title='bbox 361 591 521 678; x_wconf 74' lang='lat' dir='ltr'><strong>Calliope,</strong></span> <span class='ocrx_word' id='word_1_26' title='bbox 544 592 644 676; x_wconf 85' lang='lat' dir='ltr'><strong>digna</strong></span> <span class='ocrx_word' id='word_1_27' title='bbox 666 593 780 667; x_wconf 55' lang='lat' dir='ltr'><strong>farore¹</strong></span> <span class='ocrx_word' id='word_1_28' title='bbox 800 597 867 660; x_wconf 85' lang='lat' dir='ltr'><strong>tua.</strong></span> 
     </span>
     <span class='ocr_line' id='line_1_6' title="bbox 140 680 1003 749; baseline -0.002 -1"><span class='ocrx_word' id='word_1_29' title='bbox 140 680 292 749; x_wconf 78' lang='lat' dir='ltr'>Caesaris</span> <span class='ocrx_word' id='word_1_30' title='bbox 314 683 350 747; x_wconf 89' lang='lat' dir='ltr'><strong>in</strong></span> <span class='ocrx_word' id='word_1_31' title='bbox 372 703 493 747; x_wconf 90' lang='lat' dir='ltr'><strong>nomen</strong></span> <span class='ocrx_word' id='word_1_32' title='bbox 516 682 677 746; x_wconf 89' lang='lat' dir='ltr'><strong>ducuntur</strong></span> <span class='ocrx_word' id='word_1_33' title='bbox 700 683 859 747; x_wconf 87' lang='lat' dir='ltr'><strong>carmina:</strong></span> <span class='ocrx_word' id='word_1_34' title='bbox 884 682 1003 748; x_wconf 85' lang='lat' dir='ltr'><strong>ansar</strong></span> 
     </span>
     <span class='ocr_line' id='line_1_7' title="bbox 185 769 983 856; baseline 0.001 -21"><span class='ocrx_word' id='word_1_35' title='bbox 185 770 272 835; x_wconf 94' lang='lat' dir='ltr'><strong>Dum</strong></span> <span class='ocrx_word' id='word_1_36' title='bbox 296 770 438 855; x_wconf 87' lang='lat' dir='ltr'><strong>canitur,</strong></span> <span class='ocrx_word' id='word_1_37' title='bbox 461 792 595 856; x_wconf 79' lang='lat' dir='ltr'>quaeso,</span> <span class='ocrx_word' id='word_1_38' title='bbox 618 769 764 854; x_wconf 90' lang='lat' dir='ltr'><strong>Iuppiter</strong></span> <span class='ocrx_word' id='word_1_39' title='bbox 784 772 855 854; x_wconf 91' lang='lat' dir='ltr'><strong>ipse</strong></span> <span class='ocrx_word' id='word_1_40' title='bbox 878 792 983 836; x_wconf 86' lang='lat' dir='ltr'><strong>vaces.</strong></span> 
     </span>
     <span class='ocr_line' id='line_1_8' title="bbox 89 859 1049 945; baseline -0.001 -19"><span class='ocrx_word' id='word_1_41' title='bbox 89 877 124 926; x_wconf 79' lang='lat'><strong>15</strong></span> <span class='ocrx_word' id='word_1_42' title='bbox 139 859 204 926; x_wconf 78' lang='lat' dir='ltr'><strong>Est</strong></span> <span class='ocrx_word' id='word_1_43' title='bbox 226 860 349 926; x_wconf 85' lang='lat' dir='ltr'>Phoebi</span> <span class='ocrx_word' id='word_1_44' title='bbox 373 859 501 943; x_wconf 83' lang='lat' dir='ltr'><strong>fugiens</strong></span> <span class='ocrx_word' id='word_1_45' title='bbox 524 859 712 924; x_wconf 77' lang='lat' dir='ltr'><strong>Athamana</strong></span> <span class='ocrx_word' id='word_1_46' title='bbox 735 859 776 923; x_wconf 88' lang='lat' dir='ltr'><strong>ad</strong></span> <span class='ocrx_word' id='word_1_47' title='bbox 799 860 898 924; x_wconf 89' lang='lat' dir='ltr'><strong>litora</strong></span> <span class='ocrx_word' id='word_1_48' title='bbox 919 864 1049 945; x_wconf 88' lang='lat' dir='ltr'><strong>portus,</strong></span> 
     </span>
     <span class='ocr_line' id='line_1_9' title="bbox 185 947 968 1033; baseline -0.001 -20"><span class='ocrx_word' id='word_1_49' title='bbox 185 948 257 1025; x_wconf 80' lang='lat' dir='ltr'><strong>Qua</strong></span> <span class='ocrx_word' id='word_1_50' title='bbox 279 948 370 1014; x_wconf 89' lang='lat' dir='ltr'><strong>sinus</strong></span> <span class='ocrx_word' id='word_1_51' title='bbox 392 947 504 1014; x_wconf 91' lang='lat' dir='ltr'><strong>Ioniae</strong></span> <span class='ocrx_word' id='word_1_52' title='bbox 526 969 693 1012; x_wconf 88' lang='lat' dir='ltr'><strong>murmura</strong></span> <span class='ocrx_word' id='word_1_53' title='bbox 716 947 827 1012; x_wconf 89' lang='lat' dir='ltr'><strong>condit</strong></span> <span class='ocrx_word' id='word_1_54' title='bbox 850 969 968 1033; x_wconf 87' lang='lat' dir='ltr'><strong>aquae,</strong></span> 
     </span>
     <span class='ocr_line' id='line_1_10' title="bbox 138 1036 924 1122; baseline -0.004 -19"><span class='ocrx_word' id='word_1_55' title='bbox 138 1037 237 1103; x_wconf 88' lang='lat' dir='ltr'><strong>Actia</strong></span> <span class='ocrx_word' id='word_1_56' title='bbox 257 1036 366 1102; x_wconf 86' lang='lat' dir='ltr'><strong>Iuleae</strong></span> <span class='ocrx_word' id='word_1_57' title='bbox 388 1037 526 1122; x_wconf 85' lang='lat' dir='ltr'><strong>pelagus</strong></span> <span class='ocrx_word' id='word_1_58' title='bbox 549 1039 761 1101; x_wconf 88' lang='lat' dir='ltr'><strong>monumenta</strong></span> <span class='ocrx_word' id='word_1_59' title='bbox 783 1037 924 1120; x_wconf 88' lang='lat' dir='ltr'><strong>carinae,</strong></span> 
     </span>
     <span class='ocr_line' id='line_1_11' title="bbox 184 1124 811 1208; baseline -0.002 -17"><span class='ocrx_word' id='word_1_60' title='bbox 184 1124 369 1191; x_wconf 86' lang='lat' dir='ltr'><strong>Nautarum</strong></span> <span class='ocrx_word' id='word_1_61' title='bbox 393 1126 478 1190; x_wconf 87' lang='lat' dir='ltr'><strong>votis</strong></span> <span class='ocrx_word' id='word_1_62' title='bbox 500 1148 568 1191; x_wconf 92' lang='lat' dir='ltr'><strong>non</strong></span> <span class='ocrx_word' id='word_1_63' title='bbox 591 1146 728 1208; x_wconf 88' lang='lat' dir='ltr'><strong>operosa</strong></span> <span class='ocrx_word' id='word_1_64' title='bbox 750 1125 811 1190; x_wconf 85' lang='lat' dir='ltr'><strong>via.</strong></span> 
     </span>
     <span class='ocr_line' id='line_1_12' title="bbox 139 1214 1034 1299; baseline -0.001 -19"><span class='ocrx_word' id='word_1_65' title='bbox 139 1214 214 1280; x_wconf 90' lang='lat' dir='ltr'><strong>Huc</strong></span> <span class='ocrx_word' id='word_1_66' title='bbox 237 1215 350 1279; x_wconf 91' lang='lat' dir='ltr'><strong>mundi</strong></span> <span class='ocrx_word' id='word_1_67' title='bbox 373 1214 476 1280; x_wconf 77' lang='lat' dir='ltr'><strong>coiere</strong></span> <span class='ocrx_word' id='word_1_68' title='bbox 499 1237 629 1280; x_wconf 90' lang='lat' dir='ltr'><strong>manus:</strong></span> <span class='ocrx_word' id='word_1_69' title='bbox 653 1215 745 1278; x_wconf 88' lang='lat' dir='ltr'><strong>stetit</strong></span> <span class='ocrx_word' id='word_1_70' title='bbox 768 1235 909 1299; x_wconf 90' lang='lat' dir='ltr'><strong>aequore</strong></span> <span class='ocrx_word' id='word_1_71' title='bbox 932 1215 1034 1279; x_wconf 91' lang='lat' dir='ltr'><strong>moles</strong></span> 
     </span>
     <span class='ocr_line' id='line_1_13' title="bbox 90 1300 900 1388; baseline -0.004 -19"><span class='ocrx_word' id='word_1_72' title='bbox 90 1320 127 1371; x_wconf 80' lang='lat'><strong>20</strong></span> <span class='ocrx_word' id='word_1_73' title='bbox 187 1302 302 1386; x_wconf 89' lang='lat' dir='ltr'><strong>Pinea,</strong></span> <span class='ocrx_word' id='word_1_74' title='bbox 324 1325 385 1369; x_wconf 88' lang='lat' dir='ltr'><strong>nec</strong></span> <span class='ocrx_word' id='word_1_75' title='bbox 407 1304 504 1367; x_wconf 90' lang='lat' dir='ltr'><strong>remis</strong></span> <span class='ocrx_word' id='word_1_76' title='bbox 528 1300 632 1388; x_wconf 87' lang='lat' dir='ltr'><strong>aequa</strong></span> <span class='ocrx_word' id='word_1_77' title='bbox 655 1302 787 1367; x_wconf 85' lang='lat' dir='ltr'><strong>favebat</strong></span> <span class='ocrx_word' id='word_1_78' title='bbox 810 1303 900 1368; x_wconf 87' lang='lat' dir='ltr'><strong>avis..</strong></span> 
     </span>
     <span class='ocr_line' id='line_1_14' title="bbox 141 1390 984 1475; baseline 0.001 -20"><span class='ocrx_word' id='word_1_79' title='bbox 141 1390 256 1457; x_wconf 86' lang='lat' dir='ltr'><strong>Altera</strong></span> <span class='ocrx_word' id='word_1_80' title='bbox 278 1391 391 1457; x_wconf 89' lang='lat' dir='ltr'><strong>classis</strong></span> <span class='ocrx_word' id='word_1_81' title='bbox 415 1396 485 1457; x_wconf 89' lang='lat' dir='ltr'><strong>erat</strong></span> <span class='ocrx_word' id='word_1_82' title='bbox 507 1391 631 1456; x_wconf 80' lang='lat' dir='ltr'><strong>Teucro</strong></span> <span class='ocrx_word' id='word_1_83' title='bbox 656 1391 812 1455; x_wconf 85' lang='lat' dir='ltr'><strong>damnata</strong></span> <span class='ocrx_word' id='word_1_84' title='bbox 835 1390 984 1475; x_wconf 79' lang='lat' dir='ltr'><strong>Quirino,</strong></span> 
     </span>
     <span class='ocr_line' id='line_1_15' title="bbox 183 1480 872 1565; baseline -0.001 -20"><span class='ocrx_word' id='word_1_85' title='bbox 183 1481 318 1565; x_wconf 85' lang='lat' dir='ltr'><strong>Pilaque</strong></span> <span class='ocrx_word' id='word_1_86' title='bbox 340 1480 481 1546; x_wconf 89' lang='lat' dir='ltr'><strong>feminea</strong></span> <span class='ocrx_word' id='word_1_87' title='bbox 503 1481 641 1564; x_wconf 73' lang='lat' dir='ltr'><strong>turpiter</strong></span> <span class='ocrx_word' id='word_1_88' title='bbox 664 1482 737 1544; x_wconf 88' lang='lat' dir='ltr'><strong>acta</strong></span> <span class='ocrx_word' id='word_1_89' title='bbox 760 1501 872 1544; x_wconf 87' lang='lat' dir='ltr'><strong>manu:</strong></span> 
     </span>
     <span class='ocr_line' id='line_1_16' title="bbox 140 1567 977 1655; baseline -0.004 -21"><span class='ocrx_word' id='word_1_90' title='bbox 140 1568 228 1653; x_wconf 87' lang='lat' dir='ltr'><strong>Hinc</strong></span> <span class='ocrx_word' id='word_1_91' title='bbox 250 1570 403 1655; x_wconf 89' lang='lat' dir='ltr'><strong>Augusta</strong></span> <span class='ocrx_word' id='word_1_92' title='bbox 424 1569 505 1634; x_wconf 87' lang='lat' dir='ltr'><strong>retis</strong></span> <span class='ocrx_word' id='word_1_93' title='bbox 528 1568 633 1652; x_wconf 91' lang='lat' dir='ltr'><strong>plenis</strong></span> <span class='ocrx_word' id='word_1_94' title='bbox 654 1567 742 1632; x_wconf 83' lang='lat' dir='ltr'><strong>Iovis</strong></span> <span class='ocrx_word' id='word_1_95' title='bbox 766 1567 874 1632; x_wconf 91' lang='lat' dir='ltr'><strong>omine</strong></span> <span class='ocrx_word' id='word_1_96' title='bbox 898 1568 977 1631; x_wconf 86' lang='lat' dir='ltr'><strong>velis</strong></span> 
     </span>
     <span class='ocr_line' id='line_1_17' title="bbox 188 1655 973 1743; baseline -0.001 -21"><span class='ocrx_word' id='word_1_97' title='bbox 188 1655 353 1743; x_wconf 80' lang='lat' dir='ltr'><strong>Signaque</strong></span> <span class='ocrx_word' id='word_1_98' title='bbox 376 1658 443 1723; x_wconf 90' lang='lat' dir='ltr'><strong>iam</strong></span> <span class='ocrx_word' id='word_1_99' title='bbox 465 1658 591 1740; x_wconf 85' lang='lat' dir='ltr'><strong>patriae</strong></span> <span class='ocrx_word' id='word_1_100' title='bbox 614 1657 742 1722; x_wconf 86' lang='lat' dir='ltr'><strong>vincere</strong></span> <span class='ocrx_word' id='word_1_101' title='bbox 766 1655 862 1721; x_wconf 85' lang='lat' dir='ltr'><strong>docta</strong></span> <span class='ocrx_word' id='word_1_102' title='bbox 885 1677 973 1721; x_wconf 83' lang='lat' dir='ltr'><strong>suae.</strong></span> 
     </span>
     <span class='ocr_line' id='line_1_18' title="bbox 86 1744 1061 1830; baseline -0.001 -19"><span class='ocrx_word' id='word_1_103' title='bbox 86 1762 126 1811; x_wconf 72' lang='lat'><strong>25</strong></span> <span class='ocrx_word' id='word_1_104' title='bbox 141 1745 288 1811; x_wconf 85' lang='lat' dir='ltr'><strong>Tandem</strong></span> <span class='ocrx_word' id='word_1_105' title='bbox 311 1746 397 1811; x_wconf 87' lang='lat' dir='ltr'><strong>acies</strong></span> <span class='ocrx_word' id='word_1_106' title='bbox 421 1747 569 1830; x_wconf 91' lang='lat' dir='ltr'><strong>geminos</strong></span> <span class='ocrx_word' id='word_1_107' title='bbox 592 1744 717 1812; x_wconf 85' lang='lat' dir='ltr'><strong>Nereus</strong></span> <span class='ocrx_word' id='word_1_108' title='bbox 741 1745 872 1811; x_wconf 89' lang='lat' dir='ltr'><strong>lunarat</strong></span> <span class='ocrx_word' id='word_1_109' title='bbox 895 1745 930 1809; x_wconf 93' lang='lat' dir='ltr'><strong>in</strong></span> <span class='ocrx_word' id='word_1_110' title='bbox 953 1766 1061 1830; x_wconf 84' lang='lat' dir='ltr'><strong>arone,</strong></span> 
     </span>
     <span class='ocr_line' id='line_1_19' title="bbox 181 1833 951 1919; baseline -0.001 -20"><span class='ocrx_word' id='word_1_111' title='bbox 181 1833 360 1899; x_wconf 74' lang='lat' dir='ltr'><strong>Armorum</strong></span> <span class='ocrx_word' id='word_1_112' title='bbox 383 1838 416 1900; x_wconf 92' lang='lat' dir='ltr'><strong>et</strong></span> <span class='ocrx_word' id='word_1_113' title='bbox 438 1834 536 1900; x_wconf 89' lang='lat' dir='ltr'><strong>radiis</strong></span> <span class='ocrx_word' id='word_1_114' title='bbox 559 1835 647 1917; x_wconf 88' lang='lat' dir='ltr'><strong>picta</strong></span> <span class='ocrx_word' id='word_1_115' title='bbox 669 1835 830 1899; x_wconf 85' lang='lat' dir='ltr'><strong>tremebat</strong></span> <span class='ocrx_word' id='word_1_116' title='bbox 853 1856 951 1919; x_wconf 87' lang='lat' dir='ltr'><strong>aqua,</strong></span> 
     </span>
     <span class='ocr_line' id='line_1_20' title="bbox 141 1920 1075 2007; baseline -0.002 -19"><span class='ocrx_word' id='word_1_117' title='bbox 141 1920 224 1991; x_wconf 81' lang='lat' dir='ltr'><strong>cam</strong></span> <span class='ocrx_word' id='word_1_118' title='bbox 245 1921 402 1989; x_wconf 85' lang='lat' dir='ltr'><strong>Phoebus·</strong></span> <span class='ocrx_word' id='word_1_119' title='bbox 420 1923 571 2007; x_wconf 88' lang='lat' dir='ltr'><strong>linquens</strong></span> <span class='ocrx_word' id='word_1_120' title='bbox 596 1926 738 1988; x_wconf 85' lang='lat' dir='ltr'><strong>stantem</strong></span> <span class='ocrx_word' id='word_1_121' title='bbox 761 1945 795 1988; x_wconf 92' lang='lat' dir='ltr'><strong>se</strong></span> <span class='ocrx_word' id='word_1_122' title='bbox 818 1923 945 1988; x_wconf 83' lang='lat' dir='ltr'><strong>vindice</strong></span> <span class='ocrx_word' id='word_1_123' title='bbox 969 1923 1075 1988; x_wconf 85' lang='lat' dir='ltr'><strong>Delon</strong></span> 
     </span>
     <span class='ocr_line' id='line_1_21' title="bbox 186 2010 897 2097; baseline -0.004 -20"><span class='ocrx_word' id='word_1_124' title='bbox 186 2010 288 2097; x_wconf 87' lang='lat' dir='ltr'><strong>(Nam</strong></span> <span class='ocrx_word' id='word_1_125' title='bbox 310 2012 388 2077; x_wconf 91' lang='lat' dir='ltr'><strong>tulit</strong></span> <span class='ocrx_word' id='word_1_126' title='bbox 410 2012 521 2077; x_wconf 51' lang='lat' dir='ltr'><strong>iratos¹</strong></span> <span class='ocrx_word' id='word_1_127' title='bbox 534 2010 664 2076; x_wconf 87' lang='lat' dir='ltr'><strong>mobilis</strong></span> <span class='ocrx_word' id='word_1_128' title='bbox 689 2033 754 2075; x_wconf 85' lang='lat' dir='ltr'><strong>una</strong></span> <span class='ocrx_word' id='word_1_129' title='bbox 776 2010 897 2096; x_wconf 90' lang='lat' dir='ltr'><strong>Notos)</strong></span> 
     </span>
     <span class='ocr_line' id='line_1_22' title="bbox 145 2098 1059 2186; baseline -0.001 -21"><span class='ocrx_word' id='word_1_130' title='bbox 145 2098 284 2165; x_wconf 84' lang='lat' dir='ltr'><strong>Adstitit</strong></span> <span class='ocrx_word' id='word_1_131' title='bbox 306 2099 450 2186; x_wconf 80' lang='lat' dir='ltr'><strong>Augusti</strong></span> <span class='ocrx_word' id='word_1_132' title='bbox 473 2100 610 2184; x_wconf 89' lang='lat' dir='ltr'><strong>puppim</strong></span> <span class='ocrx_word' id='word_1_133' title='bbox 632 2121 742 2184; x_wconf 90' lang='lat' dir='ltr'><strong>super,</strong></span> <span class='ocrx_word' id='word_1_134' title='bbox 765 2103 798 2164; x_wconf 89' lang='lat' dir='ltr'><strong>et</strong></span> <span class='ocrx_word' id='word_1_135' title='bbox 819 2120 906 2164; x_wconf 88' lang='lat' dir='ltr'><strong>nova</strong></span> <span class='ocrx_word' id='word_1_136' title='bbox 927 2098 1059 2164; x_wconf 89' lang='lat' dir='ltr'><strong>flamma</strong></span> 
     </span>
     <span class='ocr_line' id='line_1_23' title="bbox 85 2186 894 2273; baseline -0.002 -17"><span class='ocrx_word' id='word_1_137' title='bbox 85 2206 129 2256; x_wconf 77' lang='lat'><strong>30</strong></span> <span class='ocrx_word' id='word_1_138' title='bbox 187 2186 285 2253; x_wconf 85' lang='lat' dir='ltr'><strong>Luxit</strong></span> <span class='ocrx_word' id='word_1_139' title='bbox 308 2189 342 2254; x_wconf 94' lang='lat' dir='ltr'><strong>in</strong></span> <span class='ocrx_word' id='word_1_140' title='bbox 365 2189 531 2273; x_wconf 87' lang='lat' dir='ltr'><strong>obliquam</strong></span> <span class='ocrx_word' id='word_1_141' title='bbox 553 2192 605 2252; x_wconf 90' lang='lat' dir='ltr'><strong>ter</strong></span> <span class='ocrx_word' id='word_1_142' title='bbox 628 2189 756 2254; x_wconf 88' lang='lat' dir='ltr'><strong>sinuata</strong></span> <span class='ocrx_word' id='word_1_143' title='bbox 778 2188 894 2255; x_wconf 86' lang='lat' dir='ltr'><strong>facem.</strong></span> 
     </span>
     <span class='ocr_line' id='line_1_24' title="bbox 142 2275 920 2344; baseline 0 -2"><span class='ocrx_word' id='word_1_144' title='bbox 142 2275 220 2342; x_wconf 90' lang='lat' dir='ltr'><strong>Non</strong></span> <span class='ocrx_word' id='word_1_145' title='bbox 242 2277 299 2342; x_wconf 92' lang='lat' dir='ltr'><strong>ille</strong></span> <span class='ocrx_word' id='word_1_146' title='bbox 322 2279 477 2343; x_wconf 84' lang='lat' dir='ltr'><strong>attulerat</strong></span> <span class='ocrx_word' id='word_1_147' title='bbox 500 2277 605 2342; x_wconf 88' lang='lat' dir='ltr'><strong>crines</strong></span> <span class='ocrx_word' id='word_1_148' title='bbox 629 2278 664 2342; x_wconf 91' lang='lat' dir='ltr'><strong>in</strong></span> <span class='ocrx_word' id='word_1_149' title='bbox 687 2278 772 2344; x_wconf 88' lang='lat' dir='ltr'><strong>colla</strong></span> <span class='ocrx_word' id='word_1_150' title='bbox 794 2279 920 2344; x_wconf 91' lang='lat' dir='ltr'><strong>solutos</strong></span> 
     </span>
     <span class='ocr_line' id='line_1_25' title="bbox 186 2366 906 2450; baseline 0 -20"><span class='ocrx_word' id='word_1_151' title='bbox 186 2367 255 2430; x_wconf 91' lang='lat' dir='ltr'><strong>Aut</strong></span> <span class='ocrx_word' id='word_1_152' title='bbox 277 2366 479 2432; x_wconf 87' lang='lat' dir='ltr'><strong>testudineae</strong></span> <span class='ocrx_word' id='word_1_153' title='bbox 502 2386 634 2432; x_wconf 88' lang='lat' dir='ltr'><strong>carmen</strong></span> <span class='ocrx_word' id='word_1_154' title='bbox 655 2368 778 2431; x_wconf 87' lang='lat' dir='ltr'><strong>inerme</strong></span> <span class='ocrx_word' id='word_1_155' title='bbox 801 2367 906 2450; x_wconf 88' lang='lat' dir='ltr'><strong>lyrae,</strong></span> 
     </span>
     <span class='ocr_line' id='line_1_26' title="bbox 100 2452 1091 2540; baseline 0 -21"><span class='ocrx_word' id='word_1_156' title='bbox 100 2488 104 2493; x_wconf 88' lang='lat'>·</span> <span class='ocrx_word' id='word_1_157' title='bbox 142 2452 206 2519; x_wconf 84' lang='lat' dir='ltr'><strong>Sed</strong></span> <span class='ocrx_word' id='word_1_158' title='bbox 228 2455 318 2539; x_wconf 87' lang='lat' dir='ltr'><strong>quali</strong></span> <span class='ocrx_word' id='word_1_159' title='bbox 341 2455 489 2540; x_wconf 87' lang='lat' dir='ltr'><strong>adspexit</strong></span> <span class='ocrx_word' id='word_1_160' title='bbox 511 2454 688 2538; x_wconf 88' lang='lat' dir='ltr'><strong>Pelopeum</strong></span> <span class='ocrx_word' id='word_1_161' title='bbox 712 2455 963 2539; x_wconf 85' lang='lat' dir='ltr'><strong>Agamemnona</strong></span> <span class='ocrx_word' id='word_1_162' title='bbox 986 2455 1091 2537; x_wconf 88' lang='lat' dir='ltr'><strong>voltu,</strong></span> 
     </span>
     <span class='ocr_line' id='line_1_27' title="bbox 186 2541 908 2629; baseline -0.003 -21"><span class='ocrx_word' id='word_1_163' title='bbox 186 2541 382 2629; x_wconf 75' lang='lat' dir='ltr'><strong>Egessitque</strong></span> <span class='ocrx_word' id='word_1_164' title='bbox 405 2544 507 2609; x_wconf 82' lang='lat' dir='ltr'><strong>avidis</strong></span> <span class='ocrx_word' id='word_1_165' title='bbox 530 2541 651 2608; x_wconf 88' lang='lat' dir='ltr'><strong>Dorica</strong></span> <span class='ocrx_word' id='word_1_166' title='bbox 674 2545 781 2607; x_wconf 88' lang='lat' dir='ltr'><strong>castra</strong></span> <span class='ocrx_word' id='word_1_167' title='bbox 804 2543 908 2628; x_wconf 88' lang='lat' dir='ltr'><strong>rogis,</strong></span> 
     </span>
     <span class='ocr_line' id='line_1_28' title="bbox 83 2629 1020 2716; baseline -0.004 -19"><span class='ocrx_word' id='word_1_168' title='bbox 83 2645 128 2697; x_wconf 73' lang='lat' dir='ltr'><strong>aa</strong></span> <span class='ocrx_word' id='word_1_169' title='bbox 143 2629 212 2696; x_wconf 83' lang='lat' dir='ltr'><strong>Aut</strong></span> <span class='ocrx_word' id='word_1_170' title='bbox 234 2632 340 2716; x_wconf 87' lang='lat' dir='ltr'><strong>qualis</strong></span> <span class='ocrx_word' id='word_1_171' title='bbox 362 2633 463 2698; x_wconf 87' lang='lat' dir='ltr'><strong>flexos</strong></span> <span class='ocrx_word' id='word_1_172' title='bbox 488 2631 586 2696; x_wconf 84' lang='lat' dir='ltr'><strong>solvit</strong></span> <span class='ocrx_word' id='word_1_173' title='bbox 608 2630 762 2715; x_wconf 87' lang='lat' dir='ltr'><strong>Pythona</strong></span> <span class='ocrx_word' id='word_1_174' title='bbox 783 2652 842 2713; x_wconf 90' lang='lat' dir='ltr'><strong>per</strong></span> <span class='ocrx_word' id='word_1_175' title='bbox 866 2630 961 2696; x_wconf 86' lang='lat' dir='ltr'><strong>orbes</strong></span> <span class='ocrx_word' id='word_1_176' title='bbox 1017 2678 1020 2683; x_wconf 81' lang='lat'><em>-</em></span> 
     </span>
     <span class='ocr_line' id='line_1_29' title="bbox 188 2717 957 2805; baseline 0 -21"><span class='ocrx_word' id='word_1_177' title='bbox 188 2717 393 2805; x_wconf 82' lang='lat' dir='ltr'><strong>Serpentem,</strong></span> <span class='ocrx_word' id='word_1_178' title='bbox 415 2721 551 2786; x_wconf 92' lang='lat' dir='ltr'><strong>inbelles</strong></span> <span class='ocrx_word' id='word_1_179' title='bbox 576 2741 671 2805; x_wconf 92' lang='lat' dir='ltr'><strong>quem</strong></span> <span class='ocrx_word' id='word_1_180' title='bbox 694 2720 831 2784; x_wconf 84' lang='lat' dir='ltr'><strong>timuere</strong></span> <span class='ocrx_word' id='word_1_181' title='bbox 854 2719 957 2803; x_wconf 81' lang='lat' dir='ltr'><strong>lyrae.</strong></span> 
     </span>
     <span class='ocr_line' id='line_1_30' title="bbox 142 2805 957 2895; baseline 0.002 -24"><span class='ocrx_word' id='word_1_182' title='bbox 142 2805 220 2873; x_wconf 86' lang='lat' dir='ltr'><strong>Mox</strong></span> <span class='ocrx_word' id='word_1_183' title='bbox 243 2809 288 2873; x_wconf 90' lang='lat' dir='ltr'><strong>ait</strong></span> <span class='ocrx_word' id='word_1_184' title='bbox 312 2807 343 2874; x_wconf 78' lang='lat' dir='ltr'><strong>‘o</strong></span> <span class='ocrx_word' id='word_1_185' title='bbox 365 2810 466 2895; x_wconf 87' lang='lat' dir='ltr'><strong>longa</strong></span> <span class='ocrx_word' id='word_1_186' title='bbox 488 2809 601 2874; x_wconf 91' lang='lat' dir='ltr'><strong>mundi</strong></span> <span class='ocrx_word' id='word_1_187' title='bbox 624 2811 769 2874; x_wconf 83' lang='lat' dir='ltr'><strong>servator</strong></span> <span class='ocrx_word' id='word_1_188' title='bbox 792 2809 834 2874; x_wconf 91' lang='lat' dir='ltr'><strong>ab</strong></span> <span class='ocrx_word' id='word_1_189' title='bbox 856 2809 957 2886; x_wconf 87' lang='lat' dir='ltr'><strong>Alba,</strong></span> 
     </span>
     <span class='ocr_line' id='line_1_31' title="bbox 188 2894 935 2983; baseline 0.004 -24"><span class='ocrx_word' id='word_1_190' title='bbox 188 2894 352 2981; x_wconf 88' lang='lat' dir='ltr'><strong>Auguste,</strong></span> <span class='ocrx_word' id='word_1_191' title='bbox 369 2897 547 2964; x_wconf 82' lang='lat' dir='ltr'><strong>Hectoreis</strong></span> <span class='ocrx_word' id='word_1_192' title='bbox 571 2897 702 2983; x_wconf 87' lang='lat' dir='ltr'><strong>cognite</strong></span> <span class='ocrx_word' id='word_1_193' title='bbox 725 2898 829 2963; x_wconf 87' lang='lat' dir='ltr'><strong>maior</strong></span> <span class='ocrx_word' id='word_1_194' title='bbox 852 2898 935 2980; x_wconf 86' lang='lat' dir='ltr'><strong>avis,</strong></span> 
     </span>
     <span class='ocr_line' id='line_1_32' title="bbox 143 2982 1098 3069; baseline 0.003 -21"><span class='ocrx_word' id='word_1_195' title='bbox 143 2982 246 3049; x_wconf 80' lang='lat' dir='ltr'><strong>Vince</strong></span> <span class='ocrx_word' id='word_1_196' title='bbox 269 2987 365 3051; x_wconf 83' lang='lat' dir='ltr'><strong>mari:</strong></span> <span class='ocrx_word' id='word_1_197' title='bbox 393 2988 459 3051; x_wconf 87' lang='lat' dir='ltr'><strong>iam</strong></span> <span class='ocrx_word' id='word_1_198' title='bbox 480 2990 568 3052; x_wconf 90' lang='lat' dir='ltr'><strong>terra</strong></span> <span class='ocrx_word' id='word_1_199' title='bbox 591 2990 648 3052; x_wconf 88' lang='lat' dir='ltr'><strong>tua</strong></span> <span class='ocrx_word' id='word_1_200' title='bbox 671 2990 734 3051; x_wconf 85' lang='lat' dir='ltr'><strong>eet:</strong></span> <span class='ocrx_word' id='word_1_201' title='bbox 762 2986 824 3051; x_wconf 91' lang='lat' dir='ltr'><strong>tibi</strong></span> <span class='ocrx_word' id='word_1_202' title='bbox 846 2986 968 3051; x_wconf 90' lang='lat' dir='ltr'><strong>militat</strong></span> <span class='ocrx_word' id='word_1_203' title='bbox 990 3006 1098 3069; x_wconf 86' lang='lat' dir='ltr'><strong>arcus,</strong></span> 
     </span>
     <span class='ocr_line' id='line_1_33' title="bbox 86 3071 969 3141; baseline 0.001 -2"><span class='ocrx_word' id='word_1_204' title='bbox 86 3089 128 3139; x_wconf 80' lang='lat'><strong>40</strong></span> <span class='ocrx_word' id='word_1_205' title='bbox 187 3071 405 3140; x_wconf 67' lang='lat' dir='ltr'><strong>refoverer</strong></span> <span class='ocrx_word' id='word_1_206' title='bbox 426 3076 547 3140; x_wconf 87' lang='lat' dir='ltr'><strong>umoris</strong></span> <span class='ocrx_word' id='word_1_207' title='bbox 570 3074 632 3140; x_wconf 91' lang='lat' dir='ltr'><strong>hoc</strong></span> <span class='ocrx_word' id='word_1_208' title='bbox 656 3096 737 3140; x_wconf 91' lang='lat' dir='ltr'><strong>onus</strong></span> <span class='ocrx_word' id='word_1_209' title='bbox 762 3096 856 3141; x_wconf 87' lang='lat' dir='ltr'><strong>omne</strong></span> <span class='ocrx_word' id='word_1_210' title='bbox 880 3074 969 3140; x_wconf 92' lang='lat' dir='ltr'><strong>meis.</strong></span> 
     </span>
     <span class='ocr_line' id='line_1_34' title="bbox 144 3159 1059 3249; baseline 0.001 -23"><span class='ocrx_word' id='word_1_211' title='bbox 144 3159 240 3227; x_wconf 83' lang='lat' dir='ltr'><strong>Solve</strong></span> <span class='ocrx_word' id='word_1_212' title='bbox 264 3166 354 3228; x_wconf 90' lang='lat' dir='ltr'><strong>metu</strong></span> <span class='ocrx_word' id='word_1_213' title='bbox 376 3164 530 3249; x_wconf 88' lang='lat' dir='ltr'><strong>patriam,</strong></span> <span class='ocrx_word' id='word_1_214' title='bbox 554 3185 636 3248; x_wconf 92' lang='lat' dir='ltr'><strong>quae</strong></span> <span class='ocrx_word' id='word_1_215' title='bbox 659 3185 745 3229; x_wconf 90' lang='lat' dir='ltr'><strong>nuno</strong></span> <span class='ocrx_word' id='word_1_216' title='bbox 769 3169 802 3229; x_wconf 89' lang='lat' dir='ltr'><strong>te</strong></span> <span class='ocrx_word' id='word_1_217' title='bbox 824 3163 951 3229; x_wconf 83' lang='lat' dir='ltr'><strong>vindice</strong></span> <span class='ocrx_word' id='word_1_218' title='bbox 974 3161 1059 3228; x_wconf 84' lang='lat' dir='ltr'><strong>freta</strong></span> 
     </span>
     <span class='ocr_line' id='line_1_35' title="bbox 186 3249 837 3338; baseline 0.005 -23"><span class='ocrx_word' id='word_1_219' title='bbox 186 3249 338 3335; x_wconf 92' lang='lat' dir='ltr'><strong>Inposuit</strong></span> <span class='ocrx_word' id='word_1_220' title='bbox 358 3253 475 3338; x_wconf 84' lang='lat' dir='ltr'><strong>prorae</strong></span> <span class='ocrx_word' id='word_1_221' title='bbox 497 3252 628 3336; x_wconf 86' lang='lat' dir='ltr'><strong>publiea</strong></span> <span class='ocrx_word' id='word_1_222' title='bbox 651 3257 728 3318; x_wconf 86' lang='lat' dir='ltr'><strong>vota</strong></span> <span class='ocrx_word' id='word_1_223' title='bbox 751 3257 837 3331; x_wconf 85' lang='lat' dir='ltr'><strong>tuae.</strong></span> 
     </span>
     <span class='ocr_line' id='line_1_36' title="bbox 141 3338 1021 3426; baseline -0.001 -22"><span class='ocrx_word' id='word_1_224' title='bbox 141 3338 249 3416; x_wconf 79' lang='lat' dir='ltr'><strong>Quam</strong></span> <span class='ocrx_word' id='word_1_225' title='bbox 271 3340 336 3406; x_wconf 92' lang='lat' dir='ltr'><strong>nisi</strong></span> <span class='ocrx_word' id='word_1_226' title='bbox 359 3342 522 3426; x_wconf 84' lang='lat' dir='ltr'><strong>defendes,</strong></span> <span class='ocrx_word' id='word_1_227' title='bbox 546 3363 712 3407; x_wconf 92' lang='lat' dir='ltr'><strong>murorum</strong></span> <span class='ocrx_word' id='word_1_228' title='bbox 734 3341 893 3408; x_wconf 90' lang='lat' dir='ltr'><strong>Romulus</strong></span> <span class='ocrx_word' id='word_1_229' title='bbox 917 3361 1021 3424; x_wconf 85' lang='lat' dir='ltr'><strong>augur</strong></span> 
     </span>
     <span class='ocr_line' id='line_1_37' title="bbox 185 3427 837 3505; baseline 0.005 -13"><span class='ocrx_word' id='word_1_230' title='bbox 185 3427 239 3505; x_wconf 85' lang='lat' dir='ltr'><strong>lre</strong></span> <span class='ocrx_word' id='word_1_231' title='bbox 261 3427 429 3498; x_wconf 88' lang='lat' dir='ltr'><strong>Palatinas</strong></span> <span class='ocrx_word' id='word_1_232' title='bbox 453 3452 519 3496; x_wconf 91' lang='lat' dir='ltr'><strong>non</strong></span> <span class='ocrx_word' id='word_1_233' title='bbox 542 3431 624 3496; x_wconf 90' lang='lat' dir='ltr'><strong>bene</strong></span> <span class='ocrx_word' id='word_1_234' title='bbox 647 3430 729 3496; x_wconf 83' lang='lat' dir='ltr'><strong>vidit</strong></span> <span class='ocrx_word' id='word_1_235' title='bbox 752 3453 837 3497; x_wconf 83' lang='lat' dir='ltr'><strong>aves.</strong></span> 
     </span>
    </p>
   </div>
   <div class='ocr_carea' id='block_1_3' title="bbox 0 0 1196 3848">
    <p class='ocr_par' dir='ltr' id='par_1_3' title="bbox 0 0 1196 3848">
     <span class='ocr_line' id='line_1_38' title="bbox 0 0 1196 3848; baseline 0 0"><span class='ocrx_word' id='word_1_236' title='bbox 0 0 1196 3848; x_wconf 95' lang='lat' dir='ltr'><strong> </strong></span> 
     </span>
    </p>
   </div>
  </div>
 </body>
</html>
