2384 3848
474 172 679 230 Parasino
971 146 973 150 ’
1060 177 1086 232 v

136 319 282 385 Catulli
306 318 383 406 (IV)
407 342 473 385 non
498 320 601 384 multa
624 341 724 403 eaque
752 341 792 382 ex
814 320 993 387 minoribus
1017 344 1085 387 car·

67 410 210 474 minibus
238 409 376 492 sumpsi,
407 430 526 492 paucas
555 408 669 472 deinde
693 407 843 472 Tibulli
866 407 941 495 (V),
973 411 1084 494 plures

67 499 265 582 Propertii
288 496 365 583 (VI)
394 497 524 582 elegias.
571 496 709 562 Ovidio
734 494 829 581 (VII)
856 502 989 583 propter
1013 520 1085 563 cau-

69 608 139 651 sam
158 608 254 670 quam
274 585 339 650 dixi
359 587 564 670 angustiores
582 586 663 669 fines
682 585 851 650 constituti
871 589 959 651 sunt:
982 610 1086 672 pauca

70 674 191 739 adscivi
214 675 358 739 carmina
381 676 450 738 eius
474 673 575 756 modi,
599 695 681 757 quae
704 673 805 738 vitam
829 696 866 738 ac
883 697 990 740 mores
1008 698 1085 760 poe-

69 766 122 828 tae
140 763 356 847 illustrarent,
376 762 499 827 accedit
517 782 648 826 carmen
662 762 876 827 clarissimum
894 765 930 828 in
948 769 1085 830 mortem

72 851 196 915 Tibulli
219 851 383 934 scriptum.

113 958 117 963 ’
139 937 325 1024 Sequuntur
347 939 421 1023 plus
441 938 658 1023 quadraginin
677 939 913 1023 epigrammata
926 940 1085 1006 Martia-

68 1027 118 1092 lis
148 1026 270 1113 (VIII),
307 1028 459 1093 ultimum
494 1028 602 1092 locum
634 1026 831 1092 luvenalis
864 1025 942 1114 (IX)
976 1033 1086 1095 satura

70 1119 187 1200 quarta
209 1116 283 1180 inde
307 1139 373 1182 av.
389 1117 430 1180 37
451 1117 528 1180 data
545 1118 646 1180 tenet:
669 1137 750 1201 quae
764 1120 893 1200 praeter
912 1118 993 1183 alias
1012 1141 1086 1184 cau-

70 1227 123 1270 sas
147 1206 286 1269 maxime
309 1209 441 1290 propter
463 1205 549 1269 hanc
575 1204 693 1269 idonea
717 1205 798 1268 mihi
821 1205 892 1270 visa
915 1209 965 1270 est
987 1229 1086 1291 quam

68 1294 257 1377 reciperem,
293 1292 379 1377 quod
412 1293 666 1357 dominationem
703 1293 875 1378 aulamque
906 1293 1086 1361 Domitiani

68 1382 256 1446 describens
280 1404 318 1447 ea
341 1403 423 1467 quae
441 1381 477 1444 in
491 1381 595 1445 Taciti
609 1379 765 1465 Agricola
782 1382 990 1448 inveniuntur
1010 1405 1085 1450 con-

69 1471 179 1534 firmat
203 1474 340 1555 apteque
363 1469 502 1534 lectione
524 1468 575 1532 illi
597 1469 680 1534 libro
705 1470 838 1555 adiungi
861 1473 979 1554 potest.

136 1558 343 1624 Carminibus
366 1558 446 1640 ipsis
469 1558 553 1622 vitas
577 1557 779 1642 singulorum
796 1564 967 1642 poetarum
988 1581 1086 1644 quarn

68 1648 256 1711 brevissime
281 1646 605 1730 scriptaspraemisi.
661 1724 665 1730 η

137 1734 177 1799 In
205 1740 380 1800 extremam
408 1738 536 1819 partem
567 1735 669 1799 libelli
699 1735 821 1800 conieci
854 1735 1085 1820 descriptio-

67 1845 151 1888 nem
181 1827 404 1905 metrorum,
436 1827 507 1888 tum
540 1824 843 1907 explicationem
876 1825 1084 1892 vocabulo-

70 1933 149 1990 rum
173 1916 211 1976 et
233 1913 443 1977 formarum
466 1913 502 1977 in
519 1911 653 1997 Eulogis
672 1913 922 1997 occurrentium,
945 1935 1027 1997 quae
1050 1915 1086 1978 in

71 2001 250 2066 minoribus
264 2001 385 2084 lexicis,
404 2001 520 2085 quibus
535 2000 684 2084 discipuli
702 2000 751 2064 uti
770 2001 884 2080 solent,
899 2005 956 2066 aut
970 2001 1086 2067 desunt

69 2093 126 2153 aut
152 2090 260 2153 minus
290 2095 438 2155 accurate
472 2091 688 2172 explanantur
714 2111 859 2174 quaeque
886 2112 1001 2174 parum
1028 2113 1087 2176 per

69 2197 104 2241 se
118 2178 363 2261 perspiciuntur.
397 2177 541 2254 Quorum
559 2178 736 2242 lexicorum
754 2177 834 2242 mihi
854 2182 924 2243 erat
938 2180 1084 2264 exemplo

68 2265 116 2347 id,
139 2267 225 2350 quod
248 2266 430 2332 Heinichen
453 2266 654 2351 conscripsit.
788 2304 790 2308 ι

135 2352 184 2418 De
198 2355 380 2420 rationibus
395 2355 515 2420 criticis
529 2357 563 2419 in
578 2355 836 2439 appendicula
853 2355 991 2421 critica
1009 2356 1084 2421 dixi.

136 2442 253 2508 Restat
274 2447 312 2508 ut
334 2467 406 2509 cum
424 2443 645 2508 Tridericus
665 2429 819 2508 Schoell
842 2448 875 2507 et
893 2442 1083 2528 Georgius

69 2530 198 2615 Thilo,
229 2532 291 2596 riri
318 2533 401 2597 mihi
427 2532 648 2617 perbenevoli,
684 2532 832 2617 plagulas
866 2531 1011 2617 legentes
1044 2532 1085 2597 ad

68 2620 303 2686 emendandum
327 2621 414 2686 hunc
431 2621 576 2685 libellum
595 2642 727 2705 operam
746 2642 837 2684 suam
857 2619 1084 2685 liberalissime

68 2708 277 2792 contulerint,
305 2710 338 2773 id
364 2710 427 2775 hoc
450 2731 577 2795 quoque
605 2709 676 2774 loco
694 2729 947 2774 commemorem
975 2710 1084 2793 eisque

67 2797 191 2880 pariter
215 2801 311 2883 atque
325 2797 496 2864 Gustavo
511 2797 691 2882 Uhligio,
713 2797 752 2862 de
767 2819 830 2882 quo
849 2819 946 2880 supra
961 2798 1085 2883 scripsi,

68 2884 195 2949 debitas
218 2886 323 2951 dicam
346 2887 468 2972 gratias
492 2908 589 2971 quam
612 2886 780 2951 maximas.

176 3038 286 3096 Dabam
303 3041 508 3112 Heidelbergae
900 3067 902 3071 ⁷
1026 3090 1034 3098 ,

103 3129 176 3186 Non.
190 3129 279 3200 April.
298 3145 323 3188 a.
338 3129 585 3186 Mnuccnxxxl.
746 3115 876 3183 Samuel
898 3115 1038 3184 Brandt.
