<?xml version="1.0" encoding="UTF-8"?>
<!DOCTYPE html PUBLIC "-//W3C//DTD XHTML 1.0 Transitional//EN"
    "http://www.w3.org/TR/xhtml1/DTD/xhtml1-transitional.dtd">
<html xmlns="http://www.w3.org/1999/xhtml" xml:lang="en" lang="en">
 <head>
  <title>
</title>
<meta http-equiv="Content-Type" content="text/html;charset=utf-8" />
  <meta name='ocr-system' content='tesseract 3.04.00' />
  <meta name='ocr-capabilities' content='ocr_page ocr_carea ocr_par ocr_line ocrx_word'/>
</head>
<body>
  <div class='ocr_page' id='page_1' title='image "./eclogaepoetarum00unkngoog_0073.png"; bbox 0 0 2384 3848; ppageno 0'>
   <div class='ocr_carea' id='block_1_1' title="bbox 84 185 721 250">
    <p class='ocr_par' dir='ltr' id='par_1_1' title="bbox 84 185 721 250">
     <span class='ocr_line' id='line_1_1' title="bbox 84 185 721 250; baseline 0.002 -10"><span class='ocrx_word' id='word_1_1' title='bbox 84 186 127 250; x_wconf 81' lang='lat'>62</span> <span class='ocrx_word' id='word_1_2' title='bbox 463 186 510 243; x_wconf 91' lang='lat' dir='ltr'>IV.</span> <span class='ocrx_word' id='word_1_3' title='bbox 531 185 721 242; x_wconf 82' lang='lat' dir='ltr'>CATVLLVS</span> 
     </span>
    </p>
   </div>
   <div class='ocr_carea' id='block_1_2' title="bbox 104 330 1110 1038">
    <p class='ocr_par' dir='ltr' id='par_1_2' title="bbox 104 330 1110 1038">
     <span class='ocr_line' id='line_1_2' title="bbox 153 330 916 417; baseline 0.004 -22"><span class='ocrx_word' id='word_1_4' title='bbox 153 330 201 397; x_wconf 88' lang='lat' dir='ltr'>Vt</span> <span class='ocrx_word' id='word_1_5' title='bbox 224 336 257 398; x_wconf 85' lang='lat' dir='ltr'>te</span> <span class='ocrx_word' id='word_1_6' title='bbox 280 335 444 417; x_wconf 87' lang='lat' dir='ltr'>postremo</span> <span class='ocrx_word' id='word_1_7' title='bbox 468 332 622 397; x_wconf 88' lang='lat' dir='ltr'>donarem</span> <span class='ocrx_word' id='word_1_8' title='bbox 645 353 778 398; x_wconf 86' lang='lat' dir='ltr'>munere</span> <span class='ocrx_word' id='word_1_9' title='bbox 801 330 916 398; x_wconf 83' lang='lat' dir='ltr'>mortis</span> 
     </span>
     <span class='ocr_line' id='line_1_3' title="bbox 198 420 1016 508; baseline 0.002 -22"><span class='ocrx_word' id='word_1_10' title='bbox 198 420 244 486; x_wconf 83' lang='lat' dir='ltr'>Et</span> <span class='ocrx_word' id='word_1_11' title='bbox 266 424 390 486; x_wconf 84' lang='lat' dir='ltr'>mutam</span> <span class='ocrx_word' id='word_1_12' title='bbox 413 422 627 506; x_wconf 78' lang='lat' dir='ltr'>nequicquam</span> <span class='ocrx_word' id='word_1_13' title='bbox 650 421 838 505; x_wconf 80' lang='lat' dir='ltr'>adloquerer</span> <span class='ocrx_word' id='word_1_14' title='bbox 861 422 1016 508; x_wconf 87' lang='lat' dir='ltr'>cinerem,</span> 
     </span>
     <span class='ocr_line' id='line_1_4' title="bbox 124 508 1073 598; baseline 0.004 -25"><span class='ocrx_word' id='word_1_15' title='bbox 124 508 419 595; x_wconf 77' lang='lat' dir='ltr'>uQuandoquidem</span> <span class='ocrx_word' id='word_1_16' title='bbox 443 509 574 575; x_wconf 86' lang='lat' dir='ltr'>fortuna</span> <span class='ocrx_word' id='word_1_17' title='bbox 597 509 677 574; x_wconf 92' lang='lat' dir='ltr'>mihi</span> <span class='ocrx_word' id='word_1_18' title='bbox 700 514 766 575; x_wconf 83' lang='lat' dir='ltr'>lete</span> <span class='ocrx_word' id='word_1_19' title='bbox 789 511 924 576; x_wconf 86' lang='lat' dir='ltr'>abstulit</span> <span class='ocrx_word' id='word_1_20' title='bbox 945 512 1073 598; x_wconf 86' lang='lat' dir='ltr'>ipsum,</span> 
     </span>
     <span class='ocr_line' id='line_1_5' title="bbox 196 598 955 683; baseline 0.003 -20"><span class='ocrx_word' id='word_1_21' title='bbox 196 599 270 664; x_wconf 90' lang='lat' dir='ltr'>Heu</span> <span class='ocrx_word' id='word_1_22' title='bbox 293 599 392 663; x_wconf 89' lang='lat' dir='ltr'>miser</span> <span class='ocrx_word' id='word_1_23' title='bbox 413 598 547 683; x_wconf 80' lang='lat' dir='ltr'>indigne</span> <span class='ocrx_word' id='word_1_24' title='bbox 569 598 670 663; x_wconf 76' lang='lat' dir='ltr'>irater</span> <span class='ocrx_word' id='word_1_25' title='bbox 694 599 843 683; x_wconf 76' lang='lat' dir='ltr'>adempte</span> <span class='ocrx_word' id='word_1_26' title='bbox 866 599 955 665; x_wconf 90' lang='lat' dir='ltr'>mihi.</span> 
     </span>
     <span class='ocr_line' id='line_1_6' title="bbox 151 686 1110 773; baseline 0.008 -23"><span class='ocrx_word' id='word_1_27' title='bbox 151 686 183 751; x_wconf 92' lang='lat' dir='ltr'>N</span> <span class='ocrx_word' id='word_1_28' title='bbox 184 707 247 751; x_wconf 87' lang='lat' dir='ltr'>uno</span> <span class='ocrx_word' id='word_1_29' title='bbox 261 691 372 752; x_wconf 88' lang='lat' dir='ltr'>tamen</span> <span class='ocrx_word' id='word_1_30' title='bbox 385 687 511 752; x_wconf 87' lang='lat' dir='ltr'>interea</span> <span class='ocrx_word' id='word_1_31' title='bbox 524 686 613 770; x_wconf 86' lang='lat' dir='ltr'>haec,</span> <span class='ocrx_word' id='word_1_32' title='bbox 623 688 729 772; x_wconf 90' lang='lat' dir='ltr'>prisco</span> <span class='ocrx_word' id='word_1_33' title='bbox 739 709 822 773; x_wconf 86' lang='lat' dir='ltr'>quae</span> <span class='ocrx_word' id='word_1_34' title='bbox 831 709 920 754; x_wconf 91' lang='lat' dir='ltr'>more</span> <span class='ocrx_word' id='word_1_35' title='bbox 929 693 1110 773; x_wconf 86' lang='lat' dir='ltr'>parentum</span> 
     </span>
     <span class='ocr_line' id='line_1_7' title="bbox 197 775 934 860; baseline 0.003 -21"><span class='ocrx_word' id='word_1_36' title='bbox 197 775 332 839; x_wconf 82' lang='lat' dir='ltr'>Tradita</span> <span class='ocrx_word' id='word_1_37' title='bbox 355 779 433 840; x_wconf 86' lang='lat' dir='ltr'>sunt</span> <span class='ocrx_word' id='word_1_38' title='bbox 454 775 543 840; x_wconf 81' lang='lat' dir='ltr'>tristi</span> <span class='ocrx_word' id='word_1_39' title='bbox 566 796 698 840; x_wconf 91' lang='lat' dir='ltr'>munere</span> <span class='ocrx_word' id='word_1_40' title='bbox 722 776 764 841; x_wconf 89' lang='lat' dir='ltr'>ad</span> <span class='ocrx_word' id='word_1_41' title='bbox 786 776 934 860; x_wconf 86' lang='lat' dir='ltr'>inferias,</span> 
     </span>
     <span class='ocr_line' id='line_1_8' title="bbox 154 863 906 948; baseline 0.004 -21"><span class='ocrx_word' id='word_1_42' title='bbox 154 863 274 948; x_wconf 86' lang='lat' dir='ltr'>Accipe</span> <span class='ocrx_word' id='word_1_43' title='bbox 297 865 441 930; x_wconf 85' lang='lat' dir='ltr'>fraterno</span> <span class='ocrx_word' id='word_1_44' title='bbox 465 865 603 928; x_wconf 90' lang='lat' dir='ltr'>multum</span> <span class='ocrx_word' id='word_1_45' title='bbox 626 864 793 929; x_wconf 87' lang='lat' dir='ltr'>manantia</span> <span class='ocrx_word' id='word_1_46' title='bbox 814 864 906 948; x_wconf 86' lang='lat' dir='ltr'>fletu,</span> 
     </span>
     <span class='ocr_line' id='line_1_9' title="bbox 104 951 1038 1038; baseline 0.004 -23"><span class='ocrx_word' id='word_1_47' title='bbox 104 968 136 1015; x_wconf 93' lang='lat'>10</span> <span class='ocrx_word' id='word_1_48' title='bbox 197 951 304 1036; x_wconf 82' lang='lat' dir='ltr'>Atque</span> <span class='ocrx_word' id='word_1_49' title='bbox 326 953 362 1016; x_wconf 91' lang='lat' dir='ltr'>in</span> <span class='ocrx_word' id='word_1_50' title='bbox 383 956 590 1038; x_wconf 85' lang='lat' dir='ltr'>perpetuum,</span> <span class='ocrx_word' id='word_1_51' title='bbox 612 953 727 1037; x_wconf 86' lang='lat' dir='ltr'>frater,</span> <span class='ocrx_word' id='word_1_52' title='bbox 750 974 810 1017; x_wconf 84' lang='lat' dir='ltr'>ave</span> <span class='ocrx_word' id='word_1_53' title='bbox 834 957 931 1038; x_wconf 85' lang='lat' dir='ltr'>atque</span> <span class='ocrx_word' id='word_1_54' title='bbox 952 955 1038 1020; x_wconf 84' lang='lat' dir='ltr'>vale.</span> 
     </span>
    </p>
   </div>
   <div class='ocr_carea' id='block_1_3' title="bbox 500 1108 681 1197">
    <p class='ocr_par' dir='ltr' id='par_1_3' title="bbox 500 1108 681 1197">
     <span class='ocr_line' id='line_1_10' title="bbox 500 1108 681 1197; baseline 0.006 -1"><span class='ocrx_word' id='word_1_55' title='bbox 500 1113 530 1175; x_wconf 87' lang='lat'>4·</span> <span class='ocrx_word' id='word_1_56' title='bbox 564 1108 681 1197; x_wconf 77' lang='lat'><strong>(0·³1·)</strong></span> 
     </span>
    </p>
   </div>
   <div class='ocr_carea' id='block_1_4' title="bbox 474 1213 702 1283">
    <p class='ocr_par' dir='ltr' id='par_1_4' title="bbox 474 1213 702 1283">
     <span class='ocr_line' id='line_1_11' title="bbox 474 1213 702 1283; baseline 0.004 -14"><span class='ocrx_word' id='word_1_57' title='bbox 474 1213 571 1283; x_wconf 78' lang='lat' dir='ltr'>Salve,</span> <span class='ocrx_word' id='word_1_58' title='bbox 591 1213 702 1270; x_wconf 77' lang='lat' dir='ltr'>samio.</span> 
     </span>
    </p>
   </div>
   <div class='ocr_carea' id='block_1_5' title="bbox 100 1301 1022 2541">
    <p class='ocr_par' dir='ltr' id='par_1_5' title="bbox 100 1301 1022 2541">
     <span class='ocr_line' id='line_1_12' title="bbox 146 1301 852 1389; baseline -0.001 -19"><span class='ocrx_word' id='word_1_59' title='bbox 146 1305 433 1388; x_wconf 86' lang='lat' dir='ltr'>Paeninsularum‚</span> <span class='ocrx_word' id='word_1_60' title='bbox 455 1301 587 1386; x_wconf 82' lang='lat' dir='ltr'>Sirmio,</span> <span class='ocrx_word' id='word_1_61' title='bbox 609 1303 852 1389; x_wconf 81' lang='lat' dir='ltr'>insularumque</span> 
     </span>
     <span class='ocr_line' id='line_1_13' title="bbox 149 1393 944 1480; baseline 0 -20"><span class='ocrx_word' id='word_1_62' title='bbox 149 1393 273 1478; x_wconf 90' lang='lat' dir='ltr'>Ocelle,</span> <span class='ocrx_word' id='word_1_63' title='bbox 296 1415 515 1479; x_wconf 87' lang='lat' dir='ltr'>quascumque</span> <span class='ocrx_word' id='word_1_64' title='bbox 537 1393 573 1458; x_wconf 88' lang='lat' dir='ltr'>in</span> <span class='ocrx_word' id='word_1_65' title='bbox 595 1393 794 1478; x_wconf 82' lang='lat' dir='ltr'>liquentibus</span> <span class='ocrx_word' id='word_1_66' title='bbox 818 1395 944 1480; x_wconf 87' lang='lat' dir='ltr'>stagnis</span> 
     </span>
     <span class='ocr_line' id='line_1_14' title="bbox 147 1481 864 1569; baseline -0.001 -22"><span class='ocrx_word' id='word_1_67' title='bbox 147 1481 294 1569; x_wconf 88' lang='lat' dir='ltr'>Marique</span> <span class='ocrx_word' id='word_1_68' title='bbox 318 1485 409 1548; x_wconf 86' lang='lat' dir='ltr'>vasto</span> <span class='ocrx_word' id='word_1_69' title='bbox 433 1482 496 1547; x_wconf 88' lang='lat' dir='ltr'>fert</span> <span class='ocrx_word' id='word_1_70' title='bbox 517 1485 654 1566; x_wconf 89' lang='lat' dir='ltr'>uterque</span> <span class='ocrx_word' id='word_1_71' title='bbox 677 1481 864 1567; x_wconf 75' lang='lat' dir='ltr'>Neptunus,</span> 
     </span>
     <span class='ocr_line' id='line_1_15' title="bbox 149 1570 924 1655; baseline 0.001 -20"><span class='ocrx_word' id='word_1_72' title='bbox 149 1570 253 1647; x_wconf 82' lang='lat' dir='ltr'>Quam</span> <span class='ocrx_word' id='word_1_73' title='bbox 275 1575 308 1636; x_wconf 89' lang='lat' dir='ltr'>te</span> <span class='ocrx_word' id='word_1_74' title='bbox 330 1572 472 1636; x_wconf 87' lang='lat' dir='ltr'>libenter</span> <span class='ocrx_word' id='word_1_75' title='bbox 493 1590 653 1655; x_wconf 85' lang='lat' dir='ltr'>quamque</span> <span class='ocrx_word' id='word_1_76' title='bbox 675 1571 781 1636; x_wconf 86' lang='lat' dir='ltr'>laetus</span> <span class='ocrx_word' id='word_1_77' title='bbox 803 1571 924 1654; x_wconf 82' lang='lat' dir='ltr'>inviso,</span> 
     </span>
     <span class='ocr_line' id='line_1_16' title="bbox 117 1658 1022 1746; baseline 0.004 -23"><span class='ocrx_word' id='word_1_78' title='bbox 117 1659 213 1724; x_wconf 83' lang='lat' dir='ltr'>oVix</span> <span class='ocrx_word' id='word_1_79' title='bbox 235 1661 281 1723; x_wconf 93' lang='lat' dir='ltr'>mi</span> <span class='ocrx_word' id='word_1_80' title='bbox 303 1660 372 1744; x_wconf 87' lang='lat' dir='ltr'>ipso</span> <span class='ocrx_word' id='word_1_81' title='bbox 395 1659 528 1725; x_wconf 87' lang='lat' dir='ltr'>eredens</span> <span class='ocrx_word' id='word_1_82' title='bbox 552 1658 714 1743; x_wconf 81' lang='lat' dir='ltr'>Thyniam</span> <span class='ocrx_word' id='word_1_83' title='bbox 737 1662 834 1744; x_wconf 86' lang='lat' dir='ltr'>atque</span> <span class='ocrx_word' id='word_1_84' title='bbox 856 1658 1022 1746; x_wconf 80' lang='lat' dir='ltr'>Bithynos</span> 
     </span>
     <span class='ocr_line' id='line_1_17' title="bbox 147 1747 856 1833; baseline 0.003 -22"><span class='ocrx_word' id='word_1_85' title='bbox 147 1747 297 1833; x_wconf 88' lang='lat' dir='ltr'>Liqnisse</span> <span class='ocrx_word' id='word_1_86' title='bbox 320 1768 453 1831; x_wconf 86' lang='lat' dir='ltr'>campos</span> <span class='ocrx_word' id='word_1_87' title='bbox 477 1752 510 1812; x_wconf 89' lang='lat' dir='ltr'>et</span> <span class='ocrx_word' id='word_1_88' title='bbox 531 1747 639 1813; x_wconf 78' lang='lat' dir='ltr'>videre</span> <span class='ocrx_word' id='word_1_89' title='bbox 661 1751 694 1811; x_wconf 91' lang='lat' dir='ltr'>te</span> <span class='ocrx_word' id='word_1_90' title='bbox 717 1747 751 1812; x_wconf 93' lang='lat' dir='ltr'>in</span> <span class='ocrx_word' id='word_1_91' title='bbox 774 1751 856 1813; x_wconf 87' lang='lat' dir='ltr'>tuto.</span> 
     </span>
     <span class='ocr_line' id='line_1_18' title="bbox 151 1835 884 1921; baseline 0 -20"><span class='ocrx_word' id='word_1_92' title='bbox 151 1835 178 1901; x_wconf 95' lang='grc' dir='ltr'>Ο</span> <span class='ocrx_word' id='word_1_93' title='bbox 202 1836 278 1921; x_wconf 90' lang='lat' dir='ltr'>quid</span> <span class='ocrx_word' id='word_1_94' title='bbox 302 1836 418 1901; x_wconf 87' lang='lat' dir='ltr'>solutis</span> <span class='ocrx_word' id='word_1_95' title='bbox 442 1838 493 1901; x_wconf 87' lang='lat' dir='ltr'>est</span> <span class='ocrx_word' id='word_1_96' title='bbox 516 1836 644 1901; x_wconf 89' lang='lat' dir='ltr'>beatius</span> <span class='ocrx_word' id='word_1_97' title='bbox 666 1836 764 1920; x_wconf 85' lang='lat' dir='ltr'>curis,</span> <span class='ocrx_word' id='word_1_98' title='bbox 881 1883 884 1891; x_wconf 81' lang='lat'><em>·</em></span> 
     </span>
     <span class='ocr_line' id='line_1_19' title="bbox 147 1923 870 2011; baseline 0 -20"><span class='ocrx_word' id='word_1_99' title='bbox 147 1923 231 1991; x_wconf 80' lang='lat' dir='ltr'>(lum</span> <span class='ocrx_word' id='word_1_100' title='bbox 254 1947 346 1990; x_wconf 89' lang='lat' dir='ltr'>mens</span> <span class='ocrx_word' id='word_1_101' title='bbox 370 1947 452 1990; x_wconf 90' lang='lat' dir='ltr'>onus</span> <span class='ocrx_word' id='word_1_102' title='bbox 475 1925 617 2010; x_wconf 86' lang='lat' dir='ltr'>reponit,</span> <span class='ocrx_word' id='word_1_103' title='bbox 640 1945 677 1989; x_wconf 89' lang='lat' dir='ltr'>ac</span> <span class='ocrx_word' id='word_1_104' title='bbox 699 1925 870 2011; x_wconf 88' lang='lat' dir='ltr'>peregrino</span> 
     </span>
     <span class='ocr_line' id='line_1_20' title="bbox 148 2012 907 2080; baseline 0 -2"><span class='ocrx_word' id='word_1_105' title='bbox 148 2012 275 2079; x_wconf 82' lang='lat' dir='ltr'>Labore</span> <span class='ocrx_word' id='word_1_106' title='bbox 297 2014 375 2080; x_wconf 89' lang='lat' dir='ltr'>fessi</span> <span class='ocrx_word' id='word_1_107' title='bbox 397 2013 544 2079; x_wconf 82' lang='lat' dir='ltr'>venimus</span> <span class='ocrx_word' id='word_1_108' title='bbox 567 2014 670 2078; x_wconf 90' lang='lat' dir='ltr'>larem</span> <span class='ocrx_word' id='word_1_109' title='bbox 692 2013 734 2078; x_wconf 90' lang='lat' dir='ltr'>ad</span> <span class='ocrx_word' id='word_1_110' title='bbox 756 2017 907 2080; x_wconf 87' lang='lat' dir='ltr'>nostrum</span> 
     </span>
     <span class='ocr_line' id='line_1_21' title="bbox 100 2101 776 2188; baseline 0.001 -23"><span class='ocrx_word' id='word_1_111' title='bbox 100 2118 133 2167; x_wconf 91' lang='lat'>10</span> <span class='ocrx_word' id='word_1_112' title='bbox 147 2101 402 2188; x_wconf 86' lang='lat' dir='ltr'>Desideratoque</span> <span class='ocrx_word' id='word_1_113' title='bbox 425 2103 660 2187; x_wconf 82' lang='lat' dir='ltr'>acquiescimus</span> <span class='ocrx_word' id='word_1_114' title='bbox 682 2102 776 2167; x_wconf 87' lang='lat' dir='ltr'>lecto.</span> 
     </span>
     <span class='ocr_line' id='line_1_22' title="bbox 146 2189 1014 2276; baseline 0.003 -21"><span class='ocrx_word' id='word_1_115' title='bbox 146 2191 220 2255; x_wconf 88' lang='lat' dir='ltr'>Hoo</span> <span class='ocrx_word' id='word_1_116' title='bbox 242 2195 306 2275; x_wconf 83' lang='lat' dir='ltr'>est,</span> <span class='ocrx_word' id='word_1_117' title='bbox 329 2190 415 2276; x_wconf 92' lang='lat' dir='ltr'>quod</span> <span class='ocrx_word' id='word_1_118' title='bbox 438 2212 539 2255; x_wconf 90' lang='lat' dir='ltr'>unum</span> <span class='ocrx_word' id='word_1_119' title='bbox 558 2192 608 2255; x_wconf 87' lang='lat' dir='ltr'>est</span> <span class='ocrx_word' id='word_1_120' title='bbox 629 2211 689 2273; x_wconf 90' lang='lat' dir='ltr'>pro</span> <span class='ocrx_word' id='word_1_121' title='bbox 713 2189 879 2255; x_wconf 88' lang='lat' dir='ltr'>laboribus</span> <span class='ocrx_word' id='word_1_122' title='bbox 902 2192 1014 2259; x_wconf 79' lang='lat' dir='ltr'>tantis</span> 
     </span>
     <span class='ocr_line' id='line_1_23' title="bbox 147 2276 952 2365; baseline 0.001 -21"><span class='ocrx_word' id='word_1_123' title='bbox 147 2277 255 2363; x_wconf 83' lang='lat' dir='ltr'>Salve,</span> <span class='ocrx_word' id='word_1_124' title='bbox 279 2301 298 2344; x_wconf 96' lang='lat' dir='ltr'>o</span> <span class='ocrx_word' id='word_1_125' title='bbox 321 2281 458 2344; x_wconf 85' lang='lat' dir='ltr'>venusta</span> <span class='ocrx_word' id='word_1_126' title='bbox 481 2276 612 2362; x_wconf 84' lang='lat' dir='ltr'>Sirmio,</span> <span class='ocrx_word' id='word_1_127' title='bbox 636 2282 732 2364; x_wconf 90' lang='lat' dir='ltr'>atque</span> <span class='ocrx_word' id='word_1_128' title='bbox 755 2300 810 2344; x_wconf 91' lang='lat' dir='ltr'>ero</span> <span class='ocrx_word' id='word_1_129' title='bbox 834 2279 952 2365; x_wconf 84' lang='lat' dir='ltr'>gaude:</span> 
     </span>
     <span class='ocr_line' id='line_1_24' title="bbox 147 2365 899 2452; baseline 0.003 -21"><span class='ocrx_word' id='word_1_130' title='bbox 147 2365 294 2432; x_wconf 80' lang='lat' dir='ltr'>Gaudete</span> <span class='ocrx_word' id='word_1_131' title='bbox 317 2389 452 2452; x_wconf 85' lang='lat' dir='ltr'>vosque,</span> <span class='ocrx_word' id='word_1_132' title='bbox 476 2387 496 2431; x_wconf 95' lang='lat' dir='ltr'>o</span> <span class='ocrx_word' id='word_1_133' title='bbox 520 2366 642 2431; x_wconf 84' lang='lat' dir='ltr'>Libuee</span> <span class='ocrx_word' id='word_1_134' title='bbox 665 2367 754 2432; x_wconf 85' lang='lat' dir='ltr'>lacus</span> <span class='ocrx_word' id='word_1_135' title='bbox 777 2366 899 2433; x_wconf 84' lang='lat' dir='ltr'>undae:</span> 
     </span>
     <span class='ocr_line' id='line_1_25' title="bbox 147 2455 904 2541; baseline 0.001 -20"><span class='ocrx_word' id='word_1_136' title='bbox 147 2455 277 2541; x_wconf 85' lang='lat' dir='ltr'>Ridete,</span> <span class='ocrx_word' id='word_1_137' title='bbox 299 2455 455 2541; x_wconf 89' lang='lat' dir='ltr'>quidquid</span> <span class='ocrx_word' id='word_1_138' title='bbox 479 2459 529 2521; x_wconf 91' lang='lat' dir='ltr'>est</span> <span class='ocrx_word' id='word_1_139' title='bbox 551 2456 638 2523; x_wconf 90' lang='lat' dir='ltr'>domi</span> <span class='ocrx_word' id='word_1_140' title='bbox 661 2455 904 2524; x_wconf 86' lang='lat' dir='ltr'>cachinnorum.</span> 
     </span>
    </p>
   </div>
   <div class='ocr_carea' id='block_1_6' title="bbox 505 2612 668 2700">
    <p class='ocr_par' dir='ltr' id='par_1_6' title="bbox 505 2612 668 2700">
     <span class='ocr_line' id='line_1_26' title="bbox 505 2612 668 2700; baseline 0 0"><span class='ocrx_word' id='word_1_141' title='bbox 505 2616 535 2682; x_wconf 78' lang='lat'>5·</span> <span class='ocrx_word' id='word_1_142' title='bbox 568 2612 608 2700; x_wconf 80' lang='lat'>(⁰·</span> <span class='ocrx_word' id='word_1_143' title='bbox 627 2612 668 2700; x_wconf 67' lang='lat'>4·)</span> 
     </span>
    </p>
   </div>
   <div class='ocr_carea' id='block_1_7' title="bbox 178 2717 1022 2789">
    <p class='ocr_par' dir='ltr' id='par_1_7' title="bbox 178 2717 1022 2789">
     <span class='ocr_line' id='line_1_27' title="bbox 178 2717 1022 2789; baseline 0.002 -17"><span class='ocrx_word' id='word_1_144' title='bbox 178 2718 265 2773; x_wconf 84' lang='lat' dir='ltr'>Poeta</span> <span class='ocrx_word' id='word_1_145' title='bbox 278 2718 308 2772; x_wconf 87' lang='lat' dir='ltr'>in</span> <span class='ocrx_word' id='word_1_146' title='bbox 322 2718 471 2788; x_wconf 88' lang='lat' dir='ltr'>phaselum</span> <span class='ocrx_word' id='word_1_147' title='bbox 485 2735 540 2787; x_wconf 91' lang='lat' dir='ltr'>qno</span> <span class='ocrx_word' id='word_1_148' title='bbox 554 2735 588 2773; x_wconf 91' lang='lat' dir='ltr'>ex</span> <span class='ocrx_word' id='word_1_149' title='bbox 603 2717 672 2773; x_wconf 81' lang='lat' dir='ltr'>Asia</span> <span class='ocrx_word' id='word_1_150' title='bbox 685 2717 715 2772; x_wconf 93' lang='lat' dir='ltr'>in</span> <span class='ocrx_word' id='word_1_151' title='bbox 728 2717 850 2787; x_wconf 86' lang='lat' dir='ltr'>patriam</span> <span class='ocrx_word' id='word_1_152' title='bbox 863 2717 1022 2789; x_wconf 83' lang='lat' dir='ltr'>navigavit.</span> 
     </span>
    </p>
   </div>
   <div class='ocr_carea' id='block_1_8' title="bbox 55 2807 852 3427">
    <p class='ocr_par' dir='ltr' id='par_1_8' title="bbox 55 2807 852 3427">
     <span class='ocr_line' id='line_1_28' title="bbox 147 2807 850 2895; baseline 0 -21"><span class='ocrx_word' id='word_1_153' title='bbox 147 2807 303 2874; x_wconf 89' lang='lat' dir='ltr'>Phaselus</span> <span class='ocrx_word' id='word_1_154' title='bbox 327 2810 396 2894; x_wconf 85' lang='lat' dir='ltr'>ille,</span> <span class='ocrx_word' id='word_1_155' title='bbox 420 2831 514 2895; x_wconf 90' lang='lat' dir='ltr'>quem</span> <span class='ocrx_word' id='word_1_156' title='bbox 539 2810 668 2895; x_wconf 86' lang='lat' dir='ltr'>videtis,</span> <span class='ocrx_word' id='word_1_157' title='bbox 690 2810 850 2894; x_wconf 82' lang='lat' dir='ltr'>hospites,</span> 
     </span>
     <span class='ocr_line' id='line_1_29' title="bbox 146 2898 700 2983; baseline 0.005 -21"><span class='ocrx_word' id='word_1_158' title='bbox 146 2898 202 2962; x_wconf 84' lang='lat' dir='ltr'>Ait</span> <span class='ocrx_word' id='word_1_159' title='bbox 223 2899 324 2963; x_wconf 81' lang='lat' dir='ltr'>inisse</span> <span class='ocrx_word' id='word_1_160' title='bbox 346 2899 479 2964; x_wconf 84' lang='lat' dir='ltr'>navium</span> <span class='ocrx_word' id='word_1_161' title='bbox 504 2899 700 2983; x_wconf 83' lang='lat' dir='ltr'>celerrimus,</span> 
     </span>
     <span class='ocr_line' id='line_1_30' title="bbox 55 2983 852 3072; baseline 0.001 -21"><span class='ocrx_word' id='word_1_162' title='bbox 55 3054 57 3058; x_wconf 68' lang='lat'>,</span> <span class='ocrx_word' id='word_1_163' title='bbox 145 2983 259 3072; x_wconf 88' lang='lat' dir='ltr'>Neque</span> <span class='ocrx_word' id='word_1_164' title='bbox 281 2987 379 3052; x_wconf 92' lang='lat' dir='ltr'>ullius</span> <span class='ocrx_word' id='word_1_165' title='bbox 402 2987 546 3053; x_wconf 85' lang='lat' dir='ltr'>natantis</span> <span class='ocrx_word' id='word_1_166' title='bbox 569 2988 726 3072; x_wconf 89' lang='lat' dir='ltr'>impetum</span> <span class='ocrx_word' id='word_1_167' title='bbox 750 2987 852 3053; x_wconf 88' lang='lat' dir='ltr'>trabis</span> 
     </span>
     <span class='ocr_line' id='line_1_31' title="bbox 145 3073 780 3161; baseline 0.003 -23"><span class='ocrx_word' id='word_1_168' title='bbox 145 3073 303 3158; x_wconf 83' lang='lat' dir='ltr'>Nequisae</span> <span class='ocrx_word' id='word_1_169' title='bbox 325 3076 513 3160; x_wconf 86' lang='lat' dir='ltr'>praeterire,</span> <span class='ocrx_word' id='word_1_170' title='bbox 537 3076 604 3141; x_wconf 81' lang='lat' dir='ltr'>sive</span> <span class='ocrx_word' id='word_1_171' title='bbox 627 3077 780 3161; x_wconf 86' lang='lat' dir='ltr'>palmulis</span> 
     </span>
     <span class='ocr_line' id='line_1_32' title="bbox 114 3161 696 3246; baseline 0.002 -17"><span class='ocrx_word' id='word_1_172' title='bbox 114 3161 235 3246; x_wconf 79' lang='lat' dir='ltr'>bOpus</span> <span class='ocrx_word' id='word_1_173' title='bbox 258 3163 342 3228; x_wconf 87' lang='lat' dir='ltr'>foret</span> <span class='ocrx_word' id='word_1_174' title='bbox 365 3165 522 3231; x_wconf 87' lang='lat' dir='ltr'>volare</span> <span class='ocrx_word' id='word_1_175' title='bbox 497 3187 564 3230; x_wconf 88' lang='lat' dir='ltr'>srve</span> <span class='ocrx_word' id='word_1_176' title='bbox 587 3165 696 3230; x_wconf 88' lang='lat' dir='ltr'>linteo.</span> 
     </span>
     <span class='ocr_line' id='line_1_33' title="bbox 144 3250 739 3338; baseline -0.003 -19"><span class='ocrx_word' id='word_1_177' title='bbox 144 3250 189 3319; x_wconf 84' lang='lat' dir='ltr'>Et</span> <span class='ocrx_word' id='word_1_178' title='bbox 174 3251 273 3317; x_wconf 86' lang='lat' dir='ltr'>thoe</span> <span class='ocrx_word' id='word_1_179' title='bbox 295 3258 397 3338; x_wconf 87' lang='lat' dir='ltr'>negat</span> <span class='ocrx_word' id='word_1_180' title='bbox 419 3254 556 3319; x_wconf 89' lang='lat' dir='ltr'>minacis</span> <span class='ocrx_word' id='word_1_181' title='bbox 579 3251 739 3319; x_wconf 80' lang='lat' dir='ltr'>Adriatici</span> 
     </span>
     <span class='ocr_line' id='line_1_34' title="bbox 144 3337 742 3427; baseline 0.002 -22"><span class='ocrx_word' id='word_1_182' title='bbox 144 3337 273 3426; x_wconf 84' lang='lat' dir='ltr'>Negare</span> <span class='ocrx_word' id='word_1_183' title='bbox 296 3339 336 3405; x_wconf 89' lang='lat' dir='ltr'>lit</span> <span class='ocrx_word' id='word_1_184' title='bbox 321 3343 374 3406; x_wconf 89' lang='lat' dir='ltr'>tus</span> <span class='ocrx_word' id='word_1_185' title='bbox 397 3342 559 3408; x_wconf 84' lang='lat' dir='ltr'>insulasve</span> <span class='ocrx_word' id='word_1_186' title='bbox 584 3340 742 3427; x_wconf 80' lang='lat' dir='ltr'>Cycladas</span> 
     </span>
    </p>
   </div>
   <div class='ocr_carea' id='block_1_9' title="bbox 32 3427 969 3615">
    <p class='ocr_par' dir='ltr' id='par_1_9' title="bbox 32 3427 969 3615">
     <span class='ocr_line' id='line_1_35' title="bbox 32 3427 969 3615; baseline 0 -118"><span class='ocrx_word' id='word_1_187' title='bbox 32 3434 72 3615; x_wconf 68' lang='grc'><strong>,</strong></span> <span class='ocrx_word' id='word_1_188' title='bbox 144 3427 358 3515; x_wconf 86' lang='lat' dir='ltr'>Rhodumque</span> <span class='ocrx_word' id='word_1_189' title='bbox 380 3431 523 3496; x_wconf 87' lang='lat' dir='ltr'>nobilem</span> <span class='ocrx_word' id='word_1_190' title='bbox 545 3431 773 3514; x_wconf 90' lang='lat' dir='ltr'>horridamque</span> <span class='ocrx_word' id='word_1_191' title='bbox 796 3431 969 3498; x_wconf 85' lang='lat' dir='ltr'>Thraciam</span> 
     </span>
    </p>
   </div>
   <div class='ocr_carea' id='block_1_10' title="bbox 0 0 1196 3848">
    <p class='ocr_par' dir='ltr' id='par_1_10' title="bbox 0 0 1196 3848">
     <span class='ocr_line' id='line_1_36' title="bbox 0 0 1196 3848; baseline 0 0"><span class='ocrx_word' id='word_1_192' title='bbox 0 0 1196 3848; x_wconf 95' lang='lat' dir='ltr'> </span> 
     </span>
    </p>
   </div>
  </div>
 </body>
</html>
