2384 3848
485 181 545 236 vu.
567 177 715 236 cvmrvs
906 136 912 143 ’
1042 183 1106 246 111

202 325 268 393 Ocr
290 325 371 390 mihi
395 325 544 410 quodque
566 327 646 392 levis
670 347 768 391 causa
789 330 948 411 moveret,
971 331 1049 394 erat.

157 415 239 481 Cum
262 417 372 478 tamen
395 414 449 478 hic
473 435 575 478 essem
599 415 798 499 minimoque
818 416 1008 480 accenderer
1025 417 1109 503 igni,

201 502 342 568 Nomine
366 503 425 581 sub
449 505 561 567 nostro
585 501 696 568 fabula
718 504 809 568 nulla
831 505 903 570 fuit.

156 593 263 657 Paene
287 590 368 655 mibi
391 612 492 674 puero
515 612 575 656 nee
598 591 696 676 digna
718 613 778 657 nec
800 592 892 657 utilis
915 614 998 658 uxor

107 698 143 748 το
201 680 264 745 Est
286 679 376 762 data,
399 701 481 764 quse
503 682 632 763 tempus
655 701 715 764 per
735 681 832 745 breve
855 684 958 765 nupta
980 681 1051 746 fuit.

156 769 210 852 Illi
234 769 389 833 successit
411 769 557 852 quamvis
582 769 651 832 sine
674 769 808 833 crimine
831 770 985 852 coniunx,

203 856 280 922 Non
302 860 413 922 tamen
434 856 470 920 in
492 860 604 922 nostro
628 857 723 921 firma
744 857 856 922 futura
878 861 960 924 turc.

156 945 297 1026 Vltima,
321 967 403 1030 quae
427 966 553 1010 mecum
577 967 666 1011 seros
689 947 870 1029 permansit
891 947 926 1011 in
949 968 1068 1030 annos,

204 1033 366 1099 Sustinuit
389 1033 528 1098 coniunx
551 1035 654 1098 exulis
678 1055 749 1099 esse
771 1034 841 1099 viri.

108 1138 143 1188 '15
157 1121 242 1186 Filia
265 1143 316 1186 me
340 1143 412 1186 mea
434 1122 486 1186 bis
509 1123 616 1206 prima
637 1122 775 1188 fecunda
798 1122 943 1206 iuventa,

204 1209 267 1274 Sed
290 1231 358 1275 non
381 1231 420 1274 ex
443 1231 508 1275 uno
531 1211 683 1295 coniuge,
705 1211 784 1276 fecit
807 1234 912 1277 avum.

157 1297 203 1364 ut
226 1298 292 1363 iam
316 1299 495 1383 complerat
518 1299 647 1383 genitor
670 1321 729 1364 sua
751 1299 822 1364 fata
842 1322 1023 1386 novemque

204 1386 384 1451 Addiderat
405 1387 517 1453 lustris
541 1389 644 1451 altera
666 1387 770 1452 lustra
792 1409 925 1454 novem:

157 1475 235 1542 Non
259 1475 354 1539 aliter
376 1474 464 1557 flevi,
488 1497 584 1560 quam
606 1497 658 1538 me
681 1475 816 1540 fleturus
839 1477 1028 1561 ademptum

107 1580 144 1630 80
202 1563 263 1629 Ille
285 1563 356 1628 fuit.
393 1565 490 1629 matri
512 1562 661 1647 proxima
682 1563 770 1628 iusta
792 1565 863 1629 tuli.

157 1652 281 1718 Felices
306 1653 401 1717 ambo
423 1653 680 1737 tempestiveque
703 1652 834 1737 sepulti,

202 1741 290 1806 Ante
313 1741 397 1805 diem
420 1762 543 1824 poenae
567 1741 652 1825 quod
675 1742 799 1824 periere
822 1744 925 1806 meac!

157 1829 210 1894 Me
234 1851 361 1914 quoque
384 1828 524 1912 felicem,
550 1829 636 1914 quod
659 1851 726 1894 non
748 1829 930 1895 viventibus
954 1830 1019 1894 illis

204 1917 282 1982 Sum
306 1917 417 2001 miser,
441 1921 473 1982 et
496 1916 535 1981 de
558 1940 609 1981 me
633 1918 719 2003 quod
743 1917 875 1983 doluere
897 1919 989 1983 nihil.

107 2021 143 2072 85
159 2004 194 2072 Si
215 2009 327 2071 tamen
351 2005 519 2070 exstinctis
543 2005 664 2090 aliquid
686 2005 751 2070 nisi
774 2007 907 2070 nomina
929 2009 1045 2091 restat,

203 2095 249 2160 Et
271 2094 403 2181 gracilis
428 2096 568 2159 structos
592 2094 707 2179 cffugit
729 2094 844 2158 umbra
866 2115 980 2180 rogos:

157 2183 272 2268 Fama,
294 2184 493 2266 parentales,
517 2183 545 2247 si
567 2203 626 2247 vos
649 2205 723 2248 mea
745 2183 898 2267 contigit,
923 2183 1055 2248 umbrae

202 2272 247 2337 Et
270 2272 403 2336 suntin
427 2270 542 2356 Stygio
565 2271 702 2336 crimina
724 2274 837 2337 nostra
859 2272 943 2356 foro,

120 2428 125 2437 ,
159 2358 259 2445 Scite,
286 2381 414 2443 precor,
444 2381 574 2425 causam
612 2357 690 2444 (nec
716 2382 775 2425 vos
808 2358 905 2532 mihi)
920 2360 1032 2424 fallere
1059 2360 1110 2424 fas

840 2451 891 2510 est

108 2552 145 2602 90
203 2535 357 2602 Errorem
380 2538 502 2622 iussae,
525 2558 592 2601 non
615 2537 733 2620 scelus,
757 2555 827 2599 esse
849 2534 957 2619 fugae.

159 2624 310 2690 Manibus
333 2626 396 2692 boc
419 2625 500 2691 satis
523 2628 580 2690 est.
617 2624 752 2707 advos,
775 2622 933 2708 studiosa,
956 2626 1110 2708 revertor,

202 2713 354 2797 Pectora,
379 2714 570 2802 quaesitae
595 2712 750 2799 quaeritis
774 2714 848 2776 acta
870 2716 993 2777 meae!

159 2801 230 2866 Iam
253 2802 335 2866 mihi
357 2802 492 2868 canities
515 2802 617 2887 pulsis
641 2801 829 2866 melioribus
853 2801 948 2866 annis

204 2889 364 2976 Venerat,
390 2891 542 2976 antiquas
565 2891 801 2973 miscueratque
825 2910 949 2974 comas,

108 2995 145 3045 95
159 2978 302 3064 Postque
325 3001 415 3045 meos
439 2982 530 3044 ortus
552 2979 669 3044 Pisaea
691 2978 817 3043 vinctus
841 2978 927 3042 oliva

204 3066 395 3133 Abstulerat
417 3067 522 3133 decies
544 3067 690 3153 praemia
712 3065 815 3132 victor
839 3087 953 3150 equus,

159 3154 241 3222 Cum
264 3158 364 3221 maris
387 3156 508 3222 Euxini
530 3157 656 3241 positos
681 3156 721 3221 ad
744 3156 837 3220 laeva
860 3153 1008 3219 Tomitas

205 3244 364 3321 Quaerere
387 3267 439 3310 me
462 3245 540 3309 laesi
563 3243 718 3329 principis
741 3245 791 3309 ira
812 3244 910 3308 iubet.

160 3331 267 3399 Causa
290 3356 382 3399 meae
405 3334 529 3399 cunctis
551 3333 689 3397 nimium
712 3354 839 3417 quoque
861 3334 942 3398 nota
964 3331 1076 3395 ruinae

90 3439 145 3488 100
203 3422 329 3488 Indicio
353 3444 420 3488 non
444 3426 494 3488 est
516 3420 721 3486 testificanda
743 3442 825 3487 meo.
