2384 3848
84 153 143 229 30¹
452 162 501 218 111.
520 161 726 219 LVCRETIVS

151 308 293 393 Vitaque
311 309 346 372 in
364 307 490 373 offensu
509 311 571 391 est,
590 330 646 373 our
664 308 802 392 amplius
821 307 937 374 addere
956 309 1101 395 quaeris,

149 397 291 462 Rursum
304 396 389 480 quod
403 400 515 480 pereat
527 397 611 461 male
626 398 659 461 et
675 397 841 482 ingratum
856 397 983 462 occidat
997 419 1101 484 omne,

149 486 226 552 Non
248 486 356 569 potius
379 485 466 550 vitae
489 485 596 549 finem.
610 484 690 550 facis
714 489 810 569 atque
832 485 977 551 laboris?

84 590 136 640 115
150 573 237 639 Nam
260 574 322 638 tibi
344 575 512 657 praeterea
535 573 622 657 quod
644 574 811 639 machiner
834 574 1078 661 inveniamque,

121 728 123 732 .
150 663 242 740 Quod
265 662 408 746 placeat,
430 662 478 726 nil
502 665 566 727 est:
594 661 707 728 eadem
730 665 807 727 sunt
829 663 939 728 omnia
962 685 1098 748 semper.

151 751 185 817 si
208 751 270 816 tibi
292 772 360 816 non
383 751 478 816 annis
502 771 618 834 eorpus
641 751 707 816 iam
730 754 853 816 marcet
875 756 909 817 et
931 756 1021 836 artus¹

149 839 296 907 Confecti
319 840 489 925 languent,
511 839 622 904 eadem
644 843 755 905 tamen
778 841 887 906 omnia
909 844 1050 927 restant,

150 928 267 994 Omnia
290 929 318 992 si
341 949 459 1014 pergas
482 928 619 993 virendo
642 929 769 993 vincere
793 930 912 1012 saecla,

82 1031 134 1083 120
149 1017 256 1102 Atque
280 1017 379 1082 etiam
401 1017 526 1100 potius,
549 1017 578 1080 si
595 1038 772 1100 numquam
791 1017 836 1082 sis
854 1015 1097 1082 moriturus’-

149 1105 231 1182 Quid
254 1104 501 1188 respondemus,
523 1105 590 1169 nisi
612 1106 732 1170 iustam
754 1105 920 1170 intendere
941 1106 1035 1170 litem

148 1193 309 1259 Naturam
332 1196 365 1258 et
387 1214 498 1257 veram
521 1193 630 1266 verbis
654 1213 814 1277 exponere
836 1193 1004 1259 causam?

147 1280 309 1348 Grandior
331 1282 385 1346 hio
408 1303 485 1347 vero
510 1281 538 1346 si
560 1282 627 1347 iarn
650 1283 819 1366 seniorque
843 1285 998 1366 queratur

147 1371 255 1456 Atque
279 1371 404 1436 obitum
427 1371 622 1435 lamentetur
644 1371 742 1436 miser
765 1371 905 1454 amplius
928 1392 1043 1456 aequo,

81 1475 131 1523 125
146 1459 221 1525 Non
245 1461 361 1525 merito
384 1459 537 1525 inclamet
560 1459 665 1543 magis
687 1463 720 1524 et
741 1481 818 1526 voce
841 1460 986 1545 increpet
1005 1460 1096 1526 acri?

147 1548 261 1614 ‘Aufer
270 1547 389 1613 abhinc
398 1548 740 1633 lacrimas‚balatro‚et
748 1570 917 1632 compesce
925 1550 1095 1633 querellas.

145 1635 263 1721 Omnia
285 1636 474 1720 perfunctus
497 1637 577 1702 vitai
600 1637 744 1720 praemia
767 1659 905 1703 meroes:

146 1724 209 1790 Sed
224 1725 300 1810 quia
314 1746 440 1808 semper
454 1745 530 1790 aves
545 1725 632 1809 quod
645 1725 752 1809 abest,
767 1727 951 1810 praesentia
964 1727 1095 1813 temnis,

144 1811 328 1898 Inperfecta
351 1813 412 1878 tibi
435 1813 547 1895 elapsa
569 1817 620 1878 est
642 1814 834 1898 ingrataque
857 1815 939 1899 rita,

80 1917 131 1968 130
145 1901 191 1966 Et
213 1902 422 1986 necopinanti
444 1922 531 1967 mors
555 1901 596 1966 ad
619 1906 718 1985 caput
741 1903 869 1968 adstitit
890 1907 967 1968 ante

143 1990 248 2067 Quam
272 1994 363 2057 satur
386 2013 423 2056 ac
445 1990 560 2075 plenus
582 1991 689 2076 possis
713 1990 873 2057 discedere
895 2013 1013 2056 rerum.

141 2079 236 2145 Nunc
260 2081 367 2146 aliena
388 2084 446 2144 tua
468 2082 578 2145 tamen
601 2082 708 2144 aetate
730 2080 841 2144 omnia
863 2081 970 2164 mitte,

141 2168 256 2251 Aequo
288 2169 474 2252 animoque,
511 2167 663 2253 agedum,
699 2169 813 2253 gnavis
846 2168 996 2233 concede:
1036 2190 1093 2234 ne·

821 2278 909 2322 cesse
932 2261 991 2322 est

143 2342 232 2427 Iure,
254 2347 291 2408 ut
313 2343 437 2428 opinor,
461 2347 552 2430 agat,
573 2345 642 2409 iure
665 2344 810 2430 increpet
832 2346 1019 2429 inciletque:

74 2447 125 2498 135
141 2429 235 2497 Cedit
258 2433 343 2496 enim
366 2454 473 2498 rerum
496 2433 641 2498 novitate
664 2437 794 2498 extrusa
817 2436 962 2498 vetustas

140 2519 286 2604 Semper,
310 2524 404 2586 etex
427 2521 498 2586 aliis
523 2521 611 2586 aliud
633 2543 783 2604 reparare
806 2543 939 2587 necesse
962 2527 1021 2588 est.

138 2608 171 2674 N
172 2631 208 2674 eo
219 2609 389 2694 quisquam
398 2610 433 2673 in
443 2609 634 2675 barathrum
643 2631 703 2675 neo
711 2609 847 2675 Tartara
860 2611 989 2676 deditur
1003 2614 1090 2677 atra:
1103 2606 1110 2623 ⁸

137 2697 292 2762 Materies
315 2719 397 2782 opus
421 2702 484 2782 est,
506 2703 544 2763 ut
566 2701 713 2763 crescant
735 2703 867 2782 postera
889 2701 1012 2783 saecla3

140 2785 362 2862 Queetamen
387 2787 497 2852 omnia
518 2789 551 2851 te
573 2786 645 2851 rita
666 2787 836 2870 perfuncta
858 2793 1048 2873 sequentur:

72 2890 122 2939 140
136 2873 169 2939 N
170 2895 206 2940 ec
215 2875 322 2943 minus
332 2896 409 2960 ergo
418 2877 493 2940 ante
503 2875 687 2959 haecquam
697 2878 734 2940 tu
743 2876 1090 2961 cecidere,cadentque.

137 2961 190 3028 Sic
213 2964 278 3029 alid
302 2964 427 3031 axelio
450 2986 629 3048 numquam
652 2963 787 3030 desistet
810 2965 901 3048 oriri,

137 3050 279 3136 Vitaque
301 3053 465 3139 mancipio
488 3053 571 3117 nulli
592 3052 697 3136 datur,
720 3053 871 3118 omnibus
894 3076 965 3119 usu

135 3138 271 3223 Respice
293 3141 387 3224 item,
411 3163 508 3226 quam
528 3143 575 3207 nil
599 3141 639 3206 ad
662 3162 721 3206 nos
745 3145 820 3206 ants
845 3145 919 3207 acta
941 3145 1088 3208 vetustas

137 3228 305 3312 Temporis
328 3231 450 3293 aeterni
473 3230 584 3315 fuerit,
608 3252 704 3316 quam
728 3231 890 3297 nascimur
912 3235 999 3295 ante.

67 3331 118 3382 145
134 3316 204 3382 Hoc
227 3316 327 3402 igitur
351 3318 518 3401 speculum
540 3319 634 3385 nobis
656 3323 774 3384 natura
796 3319 895 3384 futuri

135 3405 303 3491 Temporis
326 3406 459 3489 exponit
482 3413 557 3490 post
579 3411 717 3474 mortem
740 3407 877 3493 denique
900 3411 1059 3474 nostram.
