2384 3848
329 187 332 193 ·
437 141 438 144 ‘
464 168 696 249 erluvinus
1047 171 1090 237 ῃ

138 313 185 378 Te
208 314 296 379 canit
318 317 414 398 atque
437 336 530 379 suum
552 314 656 398 pubes
678 317 814 382 miratur
837 316 958 383 Osirim

48 436 50 440 >
182 401 341 487 Barbara,
362 401 566 487 Memphiten
588 404 744 490 plangere
766 405 862 471 docta
884 407 1011 473 bovem.

138 490 266 556 Primus
290 494 399 556 aratra
422 513 519 557 manu
544 492 670 558 sollerti
692 493 771 559 feeit
794 492 896 559 Osiris

88 597 125 646 30
183 578 229 644 Et
251 582 396 644 teneram
419 580 505 645 ferro
529 581 715 646 sollicitavit
737 581 887 666 humum,

137 668 266 733 Primus
289 668 474 752 inexpertae
498 670 661 735 commisit
684 671 808 735 semina
830 676 936 736 terrae

181 755 348 840 Pomaque
370 779 436 822 non
459 758 545 823 notis
568 758 650 843 legit
673 759 715 823 ab
739 760 919 825 arboribus.

136 844 199 911 Hio
222 845 332 910 docuit
353 849 500 910 teneram
522 846 606 929 palis
630 846 804 930 adiungere
826 848 940 931 vitem,

182 932 247 998 Hie
268 933 403 998 viridem
426 934 508 998 dura
531 935 663 1000 caedere
685 934 769 1000 ialee
792 957 931 1000 oomam:

87 1038 124 1087 35
137 1021 192 1087 llli
214 1022 371 1087 iucundos
394 1023 536 1106 primurn
558 1027 687 1088 matura
711 1045 842 1109 sapores

183 1109 347 1194 Expressa
370 1111 501 1176 incultis
525 1133 589 1177 uva
611 1111 700 1178 dedit
721 1111 868 1195 pedibus.

138 1199 199 1265 Ille
221 1199 330 1284 liquor
351 1199 462 1265 docuit
483 1216 578 1265 voees
601 1200 763 1265 inflectere
786 1204 897 1284 cantu,

182 1286 286 1353 Movit
308 1290 341 1352 et
364 1287 404 1353 ad
428 1290 534 1354 certos
558 1289 669 1353 nescia
691 1289 837 1353 membra
859 1289 989 1373 modos,

137 1374 285 1440 Baoohus
308 1379 342 1441 et
364 1377 525 1462 agricolae
548 1397 668 1462 magno
692 1377 842 1443 oonfeota
865 1377 976 1443 labore

87 1480 124 1529 40
182 1463 318 1529 Pectora
339 1465 492 1530 tristitiae
516 1465 722 1530 dissoluenda
745 1465 842 1530 dedit

138 1549 286 1618 Bacchus
310 1556 343 1618 et
365 1553 503 1619 adflictis
526 1554 671 1638 requiem
693 1553 886 1618 mortalibus
910 1554 1028 1639 adfert,

183 1639 285 1705 Orura
307 1641 384 1706 lioet
407 1642 488 1707 dura
511 1642 662 1726 compede
685 1643 780 1726 pulsa
804 1645 930 1707 sonent.
1045 1650 1047 1655 '

137 1725 213 1793 Non
234 1730 295 1794 tibi
319 1734 395 1795 sunt
415 1731 527 1796 tristes
551 1752 646 1796 curae
667 1751 728 1796 neo
750 1731 870 1814 luotus,
892 1729 992 1810 Osiri,

184 1814 245 1883 Sed
268 1817 385 1884 chorus
409 1824 442 1884 et
465 1823 579 1885 eantus
603 1823 636 1884 et
658 1820 738 1884 levis
761 1821 856 1903 aptus
880 1840 985 1903 amor,

87 1920 123 1970 45
139 1903 202 1969 Sed
223 1907 307 1970 varii
329 1906 424 1972 flores
448 1911 480 1972 et
502 1909 593 1973 frons
615 1908 766 1972 redimita
788 1908 964 1991 corymbis,

184 1993 271 2060 Fusa
293 1995 350 2075 sed
373 1996 414 2061 ad
436 1999 566 2061 teneros
589 1996 677 2060 lutea
699 1995 788 2079 palla
810 1995 908 2079 pedes

138 2082 184 2148 Et
206 2082 324 2167 Tyriae
346 2088 452 2150 vestes
476 2088 509 2149 et
531 2083 633 2149 duleis
656 2083 739 2148 tibia
761 2086 859 2148 oantu

183 2170 229 2235 ut
251 2171 330 2237 levis
353 2173 490 2239 oooultis
514 2172 642 2238 conseia
665 2173 747 2237 eista
770 2171 881 2236 saeris.

138 2259 211 2324 Huc
234 2259 309 2324 ades
333 2264 367 2326 et
388 2259 526 2326 Genium
548 2261 625 2326 ludo
649 2259 849 2345 Geniumque
872 2259 998 2326 choreis

89 2361 125 2412 50
184 2346 380 2414 Ooneelebra
404 2354 437 2415 et
459 2351 563 2415 multo
586 2354 736 2434 tempora
758 2349 858 2412 funde
880 2370 982 2414 mero:

138 2435 230 2501 Illius
254 2444 287 2501 et
308 2438 412 2503 nitido
436 2438 559 2503 stillent
580 2441 747 2522 unguenta
770 2436 900 2520 capillo,

184 2523 229 2589 Et
251 2526 356 2607 eapite
380 2530 413 2591 et
435 2527 519 2592 eollo
543 2527 656 2593 mollia
679 2529 766 2590 serta
788 2526 888 2609 gerat.

140 2611 193 2678 Sic
216 2613 327 2679 venias
350 2614 517 2680 hodierne:
539 2615 601 2679 tibi
624 2614 697 2677 dem
718 2613 800 2677 turis
823 2612 978 2697 honores,
1047 2621 1050 2627 '

183 2700 266 2767 Liba
288 2705 321 2766 et
343 2701 515 2787 Mopsopio
539 2703 645 2768 dulcia
668 2701 762 2766 melle
784 2701 896 2767 feram.

89 2802 123 2854 oo
139 2789 185 2854 At
206 2790 267 2854 tibi
290 2795 470 2857 sueoresoat
491 2793 612 2876 proles,
635 2812 716 2876 quae
739 2790 826 2855 faeta
847 2791 992 2872 parentis

183 2877 314 2963 Augeat
336 2884 369 2944 et
392 2881 475 2945 eirea
499 2884 564 2944 stet
585 2880 768 2945 veneranda
791 2899 907 2943 senem.

138 2965 207 3031 Neo
229 2970 337 3033 taceat
363 2971 574 3033 monumenta
596 2969 681 3051 viae,
709 2987 812 3051 quem·
825 2964 966 3030 Tuscula
987 2966 1085 3032 tellus

184 3052 392 3141 Candidaque
415 3057 549 3142 antiquo
573 3057 697 3121 detinet
718 3054 804 3120 Alba
827 3053 918 3119 Lare.

139 3139 288 3228 Namque
312 3144 427 3227 opibus
451 3147 608 3231 congesta
629 3145 694 3209 tuis
717 3143 771 3208 hie
794 3143 903 3227 glarea
927 3141 1006 3208 dura

90 3245 125 3295 60
184 3229 360 3317 Sternitur,
382 3232 435 3298 hio
458 3236 536 3318 apta
558 3233 705 3318 iungitur
727 3235 796 3296 arte
820 3231 908 3296 silex.

140 3318 186 3384 Te
210 3320 297 3385 canit
319 3321 474 3406 agricola,
499 3343 515 3386 e
538 3341 660 3405 magna
682 3342 755 3385 eum
778 3320 903 3385 venerit
924 3321 1004 3385 urbe

185 3405 281 3473 Serus
304 3409 499 3474 inoffensum
522 3410 744 3492 rettuleritque
766 3408 889 3493 pedem.
