2384 3848
439 179 487 235 III.
506 179 711 238 chaurrvs
1036 182 1082 248 43

62 340 117 391 300
133 323 313 407 Accipitres
337 326 432 408 atque
456 323 635 409 ossifragae
658 325 822 410 mergique
846 325 979 392 marinis

132 411 301 479 Fluctibus
324 412 359 476 in
381 413 468 477 salso
491 412 612 477 victum
635 413 798 498 vitamque
821 417 984 500 petentes,

131 501 244 586 Longe
267 500 349 565 alias
372 500 436 566 alio
458 500 583 565 iaciunt
605 501 640 567 in
661 504 807 586 tempore
830 523 939 588 voces,

132 589 178 654 Et
200 611 272 655 eum
287 588 334 669 de
357 589 444 654 victu
468 591 593 654 certant
615 590 815 675 praedaeque
838 595 1036 676 repugnant:

131 677 177 742 Et
197 676 318 762 partim
341 680 470 742 mutant
492 698 566 744 oum
588 679 838 762 tempestatibus
860 701 926 744 una

63 781 119 832 390
133 766 332 833 Raucisonos
357 768 485 849 cantus,
509 767 673 833 cornicum
695 771 734 832 ut
756 768 864 832 saecla
885 772 1014 834 vetusta

133 853 373 938 Oorvorumque
397 873 512 939 greges
535 855 591 920 ubi
610 877 727 939 aquam
746 855 898 921 dicuntur
915 860 949 922 00
966 856 1080 922 imbris

131 944 267 1009 Poscere
290 945 324 1006 00
345 941 508 1008 interdum
530 946 646 1010 ventos
669 966 828 1028 aurasque
850 965 974 1011 vocare.

132 1030 223 1116 Ergo
245 1031 274 1096 si
296 1030 379 1096 rarii
402 1051 515 1096 sensus
538 1032 693 1097 animalia
715 1036 850 1118 cogunt,

132 1118 357 1203 Mutatamen
380 1140 453 1185 cum
476 1120 556 1204 sint,
578 1120 686 1186 ramas
709 1121 856 1186 emittere
878 1143 987 1205 voces,

59 1224 117 1274 300
133 1207 261 1285 Quanto
285 1207 431 1274 mortalis
453 1209 560 1294 magis
582 1230 722 1293 aequum
745 1213 795 1274 est
816 1213 889 1274 tum
910 1210 1053 1294 potuisse
1103 1257 1107 1263 ·

125 1294 309 1365 ,Dissimilis
332 1296 397 1361 alia
421 1299 518 1381 atque
541 1297 680 1362 uliares
703 1318 781 1363 voce
804 1300 932 1367 notaret

176 1381 184 1471 ll
203 1383 289 1450 Illud
311 1383 347 1449 in
368 1385 420 1449 his
443 1384 539 1449 rebus
563 1385 681 1450 tacitus
704 1407 745 1451 ne
767 1385 854 1451 forte
876 1387 1036 1472 requirar,

130 1472 269 1539 Fulmen
291 1473 409 1538 detulit
430 1473 466 1538 in
487 1476 610 1539 terram
632 1473 826 1539 mortalibus
848 1475 978 1558 ignem

130 1560 299 1643 Primitus‚
320 1561 395 1629 inde
418 1562 524 1628 omnis
546 1562 750 1627 flammarum
774 1562 895 1627 diditur
918 1560 1027 1628 ardor:

60 1665 115 1717 300
130 1648 237 1733 Multa
257 1650 403 1716 ridemus
427 1651 514 1715 enim
538 1649 730 1716 caelestibus
753 1650 848 1716 inlita
870 1650 1010 1716 flammis

128 1737 281 1825 Fulgere,
305 1760 378 1803 cum
401 1739 481 1804 caeli
504 1738 640 1805 donavit
661 1739 759 1823 plaga
782 1760 912 1823 vapore.

129 1825 176 1892 Et
197 1848 328 1894 ramosa
348 1829 459 1893 tamen
483 1848 556 1893 cum
579 1827 684 1893 ventis
707 1827 803 1911 pulsa
824 1828 981 1893 vacillans

129 1914 270 1981 Aestuat
291 1917 326 1982 iu
348 1937 457 1981 ramos
480 1916 671 1981 incumbens
694 1915 819 1980 arboris
844 1916 949 1999 arbor,

128 2001 331 2088 Exprimitur
353 2003 469 2069 validis
495 2004 631 2069 extritus
653 2003 776 2068 viribus
799 2004 885 2087 iguis

59 2108 114 2158 310
128 2091 174 2158 Et
195 2093 295 2158 micat
316 2092 478 2158 interdum
500 2091 644 2157 flammai
665 2091 806 2157 fervidus
830 2090 933 2173 ardor,

129 2179 246 2246 Mutua
267 2180 346 2246 dum
368 2181 455 2245 iuter
477 2202 511 2245 se
534 2180 617 2246 rami
640 2180 821 2265 stirpesque
844 2182 955 2245 terunt
995 2231 1002 2245 .

129 2267 275 2345 Quorum
290 2272 463 2352 utrumque
476 2268 602 2334 dedisse
620 2272 730 2352 potest
748 2269 940 2335 mortalibus
959 2268 1078 2353 ignem.

127 2356 209 2425 Inde
232 2356 341 2424 cibum
362 2377 499 2442 coquere
523 2379 561 2425 ao
583 2357 733 2423 flammae
757 2357 882 2422 mollire
904 2377 1025 2442 vapore
1097 2384 1101 2393 ·

130 2442 187 2512 Sol
208 2445 332 2528 docuit,
355 2445 509 2531 quoniam
532 2446 700 2511 mitescere
724 2445 829 2510 multa
850 2445 1006 2511 ridebant

60 2549 114 2601 310
128 2532 327 2599 Verberibus
349 2533 514 2600 radiorum
536 2537 633 2617 atque
655 2536 747 2597 aesta
765 2533 851 2597 ricta
874 2555 932 2616 per
953 2532 1060 2617 agros.

173 2621 276 2707 Inque
299 2621 367 2688 dies
390 2622 496 2707 magis
519 2621 555 2686 hi
576 2621 697 2686 victum
719 2621 883 2704 vitamque
905 2621 1049 2703 priorem

129 2707 337 2777 Commutare
360 2712 453 2777 novis
476 2710 706 2777 monstrabant
728 2706 855 2795 rebu(s)
877 2708 1027 2795 benigni,

127 2797 266 2885 Ingenio
291 2799 346 2883 qui
369 2799 580 2884 praestabant
602 2802 635 2863 et
657 2797 753 2864 corde
774 2797 939 2882 vigebant.

127 2884 300 2953 Condere
323 2891 534 2972 coeperunt
556 2888 664 2953 urbis
687 2906 855 2969 arcemque
878 2885 986 2951 locare

57 2991 113 3043 300
128 2973 330 3042 Praesidium
352 2996 461 3061 reges
484 2975 548 3060 ipsi
571 2976 636 3041 sibi
658 2975 917 3060 perfugiumque,

125 3062 172 3128 Et
193 3085 292 3149 pecus
314 3067 412 3150 atque
435 3084 532 3150 agros
556 3064 692 3129 divisere
714 3067 812 3147 atque
834 3062 948 3133 dedere

126 3151 192 3219 Pro
213 3152 299 3219 facie
321 3153 475 3237 cuiusque
499 3155 532 3218 et
554 3153 676 3217 viribus
699 3151 909 3236 ingenioque:

126 3238 214 3307 Nam
236 3241 336 3307 facies
359 3242 500 3307 multum
523 3241 625 3305 valuit
646 3241 794 3324 viresque
817 3241 981 3325 vigorque.

126 3326 295 3395 Posterius
318 3351 370 3395 res
392 3330 525 3396 iuventa
547 3331 598 3394 est
622 3350 798 3413 eurumque
820 3333 1000 3411 repertum,

56 3431 113 3485 330
127 3415 222 3493 Quod
238 3416 333 3485 facile
352 3421 385 3484 et
402 3417 518 3484 validis
537 3419 570 3481 et
585 3417 729 3501 pulchris
748 3416 888 3499 dempsit
905 3415 1077 3480 honorem:
1126 3482 1132 3519 3
