2384 3848
100 247 109 263 .
127 208 171 273 22
497 208 545 263 III.
563 206 769 272 chanurvs

195 352 321 439 Volgus
345 350 500 420 abhorret
523 354 565 418 ab
587 354 663 438 hae,
687 353 777 418 volui
798 352 860 417 tibi
883 308 1125 439 suaviloquenti

195 440 346 508 Carmine
369 441 476 507 Pierio
499 442 658 507 rationem
680 462 839 526 exponere
860 445 1007 507 nostram

146 545 180 595 ao
193 530 238 596 Ilt
261 531 354 616 quasi
376 530 511 596 Musaeo
534 530 620 595 dulei
643 531 830 616 contingere
852 531 966 596 melle:

195 618 231 685 Si
252 620 317 685 tibi
338 619 423 684 forte
447 620 590 684 animum
613 620 672 684 tali
694 620 819 684 ratione
842 622 953 684 tenere

195 707 351 773 Versibus
374 708 409 772 in
431 709 552 774 nostris
575 729 718 792 possem,
741 707 817 772 dum
836 707 992 792 perspicis
1015 731 1144 775 omnem

194 794 356 862 Naturam
378 819 502 882 rerum,
524 818 588 881 qua
611 799 738 861 constet
760 800 892 880 compta
914 797 1028 882 figura

462 957 492 1020 3.
529 954 614 1039 (aiu.
632 954 665 1019 11
689 954 810 1041 1-61.)

266 1060 411 1114 Laudatur
428 1058 515 1125 ratio,
533 1058 748 1126 tranquillitatis
767 1058 854 1114 animi
872 1057 1007 1115 effectrix.

195 1149 313 1234 Suave,
335 1150 419 1214 mari
441 1169 560 1233 magno
584 1151 793 1215 turbantibus
818 1171 958 1235 aequora
981 1153 1103 1235 ventis,

193 1239 223 1304 E
246 1242 334 1303 terra
356 1259 512 1324 magnum
536 1238 668 1303 alterius
693 1241 837 1322 spectare
859 1238 1020 1323 laborem,

193 1325 270 1391 Non
293 1328 368 1413 quia
391 1326 500 1392 vexari
523 1348 717 1411 quemquam
741 1330 791 1391 est
812 1327 956 1392 iucunda
980 1329 1145 1413 voluptas,

195 1414 257 1481 Sed
272 1417 388 1501 quibus
402 1416 472 1500 ipse
485 1416 580 1481 malis
594 1437 705 1480 careas
721 1415 797 1500 quia
813 1436 941 1480 eernere
960 1438 1061 1482 suave
1081 1421 1144 1484 est:

167 1503 303 1570 oduave
326 1505 423 1570 etiam
446 1505 524 1570 belli
547 1504 724 1570 certamina
746 1524 866 1588 magna
888 1506 972 1569 tueri

198 1593 261 1658 Per
284 1615 415 1677 campos
439 1594 612 1677 instructa,
636 1614 695 1657 sua
718 1592 786 1657 sine
809 1595 901 1676 parte
923 1593 1046 1676 pericli.

197 1680 261 1760 Sed
284 1682 332 1745 nil
354 1682 478 1747 dulcius
502 1685 564 1765 est,
587 1680 669 1746 bene
692 1702 789 1765 quam
812 1681 939 1745 munita
960 1685 1073 1746 tenere

194 1769 293 1833 Edita
317 1769 464 1835 doctrina
487 1771 669 1853 sapientum
693 1770 816 1853 templa
839 1790 968 1850 serena,

194 1855 368 1942 Despicere
391 1858 475 1923 unde
498 1879 597 1944 queas
621 1858 704 1924 alios
728 1858 914 1942 passimque
936 1858 1046 1923 videre

147 1961 181 2010 10
194 1945 312 2012 Errare
335 1951 432 2032 atque
455 1948 540 2013 viam
564 1947 705 2031 palantis
729 1968 883 2031 quaerere
905 1947 1007 2031 vitae,

197 2033 330 2101 Cartare
352 2036 498 2121 ingenio,
522 2037 717 2102 contendere
739 2035 923 2119 nobilitate,

195 2123 316 2189 Noctes
340 2128 437 2208 atque
460 2124 529 2189 dies
553 2125 615 2189 niti
637 2127 824 2209 praestante
848 2125 959 2189 labore

194 2210 248 2275 Ad
272 2233 412 2275 summas
436 2232 599 2296 emergere
623 2234 700 2295 opes
723 2234 894 2297 rerumque
917 2212 1025 2296 potiri.

195 2298 223 2364 Ο
247 2299 381 2364 miseras
404 2300 572 2365 hominum
595 2305 736 2384 mentes,
758 2323 777 2366 o
801 2305 934 2385 pectora
957 2302 1065 2366 caeca!

147 2401 180 2451 15
196 2387 355 2464 Qualibus
377 2389 413 2453 in
436 2389 579 2453 tenebris
603 2389 689 2453 vitae
713 2389 907 2474 quantisque
929 2389 1059 2473 periclis

195 2475 335 2562 Degitur
357 2477 419 2543 hoe
442 2477 514 2543 aevi
536 2478 760 2562 quodcumque
784 2480 846 2543 est!
875 2500 983 2543 nonne
1005 2478 1117 2543 videre

195 2565 251 2631 Nil
276 2565 364 2630 aliud
388 2566 450 2631 sibi
473 2569 623 2632 naturam
647 2567 780 2650 latrare,
801 2566 868 2632 nisi
890 2571 939 2651 ut,
962 2568 1015 2633 cui

196 2654 338 2739 Corpore
362 2656 527 2721 seiunctus
550 2655 643 2720 dolor
666 2655 764 2740 absit,
790 2653 938 2742 menti(s)
962 2656 1091 2720 fruatur

194 2740 338 2807 Iucundo
363 2764 475 2826 sensu,
499 2765 576 2808 cura
599 2741 774 2831 semotu(s)
797 2743 970 2829 metuque?

147 2827 286 2915 actergo
310 2842 497 2914 corpoream
521 2831 562 2896 ad
584 2837 735 2897 naturam
758 2855 862 2918 pauca
883 2833 1030 2898 videmus

194 2917 277 2982 Esse
302 2941 382 3002 opus
406 2920 549 3002 omnino,
577 2941 659 3004 quae
683 2921 814 2987 demant
832 2943 969 3006 cumque
988 2921 1172 3004 dolorem,

194 3003 337 3071 Delicias
361 3029 487 3092 quoque
509 3009 558 3072 uti
580 3009 700 3074 multas
724 3011 928 3076 subatemere
951 3009 1090 3096 possint.

198 3091 329 3157 Gratius
352 3095 513 3161 interdum
536 3118 640 3183 neque
663 3101 780 3162 natura
801 3099 875 3182 ipsa
896 3097 1045 3182 requirit,

199 3179 234 3246 Si
256 3201 323 3245 non
347 3204 444 3248 aurea
467 3189 543 3251 sunt
565 3186 719 3252 iuvenum
743 3187 917 3251 simulacra
938 3207 996 3271 per
1019 3185 1118 3251 aedes

150 3285 184 3334 aa
200 3269 381 3353 Lampadas
404 3272 561 3357 igniferas
585 3275 734 3340 manibus
757 3274 932 3340 retinentia
954 3274 1090 3357 dextris,

201 3358 337 3424 Lumina
359 3362 528 3426 nocturnis
552 3364 655 3447 epulis
677 3366 715 3428 ut
737 3364 1006 3449 suppeditentur„

66 3484 161 3630 ἱ
197 3445 267 3513 Nec
290 3447 404 3515 domus
429 3453 564 3536 argento
586 3452 726 3536 fulgenti
748 3474 891 3537 auroque
913 3451 1054 3536 renidet,
