2384 3848
445 187 493 243 III.
513 186 719 244 LVORETIVS
1046 187 1090 254 23

140 332 211 399 Neo
233 333 278 397 oit
278 332 378 397 harae
401 334 537 398 reboant
559 333 710 418 laqueata
720 337 932 437 ‘arquataque
954 337 1055 419 teeta,

141 420 223 488 Cum
245 424 355 485 tamen
377 421 461 485 inter
485 442 519 485 se
540 421 726 506 prostrati
717 444 753 486 1n
775 423 921 507 gramine
944 423 1036 489 molli
1119 493 1121 497 ,

87 528 126 577 30
140 510 277 594 Propter
299 531 402 594 aquae
424 510 531 574 rivum
554 510 613 574 sub
636 511 736 575 ramis
761 511 886 576 arboris
911 512 958 576 alt
943 515 996 576 tae

141 597 218 664 Non
241 598 370 683 magnis
394 597 510 682 opibus
533 597 671 663 iucunde
695 620 830 683 corpora
853 604 981 684 curant,

141 686 336 752 Praesertim
360 707 433 751 oum
455 689 631 770 tempestas
656 687 836 752 adridetet
858 688 936 752 anni

143 775 305 859 Tempora
328 778 550 860 conspergunt
571 775 744 841 viridantis
767 776 900 842 floribus
923 777 1051 843 herbas.

143 863 213 929 Neo
236 863 359 928 calidae
382 864 476 928 eitius
500 863 658 928 deeedunt
681 885 813 948 eorpore
837 865 956 949 febres,

93 968 131 1019 35
146 953 326 1018 'sextilibus
351 952 378 1017 si
400 952 436 1016 in
458 952 593 1035 picturis
617 956 768 1037 ostroque
791 954 920 1018 rubenti

144 1041 294 1124 laeteris,
317 1062 412 1124 quam
437 1042 464 1105 si
487 1041 522 1104 in
545 1041 671 1125 plebeia
694 1045 782 1106 ueste
806 1042 988 1107 cubandum
1012 1045 1070 1108 est.

146 1130 350 1213 Quapropter
368 1130 523 1214 quoniam
545 1129 593 1194 nil
615 1133 727 1195 nostro
751 1131 786 1194 in
809 1152 942 1215 corpore
966 1151 1065 1216 gazae

143 1218 322 1284 Profioiunt
343 1240 448 1304 neque
470 1218 625 1284 nobilitas
648 1240 707 1284 nee
731 1219 835 1304 gloria
857 1220 965 1305 regni,

146 1305 238 1382 Quod
252 1309 410 1391 superest,
420 1307 526 1372 animo
538 1328 663 1392 quoque
672 1308 719 1371 nil
732 1307 884 1392 prodesse
899 1331 943 1392 pu
944 1306 1094 1392 tandum3

92 1393 183 1461 4081
204 1417 270 1461 non
294 1395 378 1460 forte
400 1399 475 1460 tuas
497 1396 641 1480 legiones
664 1418 723 1479 per
744 1397 817 1461 loea
840 1397 944 1549 campi

145 1483 283 1549 Fervere
307 1505 379 1548 oum
403 1484 527 1568 videas,
549 1485 628 1549 belli
651 1480 823 1550 simulacra
846 1485 931 1549 oient
932 1486 973 1567 is,

147 1569 307 1638 Subsidiis
331 1573 460 1658 magnis
484 1576 516 1637 et
539 1595 656 1658 equum
678 1573 711 1636 vi
734 1573 975 1657 constabilitas,

146 1661 288 1727 Ornatas
311 1661 411 1726 armis
434 1662 556 1745 pariter
578 1662 763 1746 pariterque
787 1661 962 1745 animatas,

146 1749 284 1815 Fervere
308 1772 380 1815 oum
403 1750 513 1816 videas
538 1751 673 1815 elassem
696 1750 826 1835 lateque
848 1751 975 1836 vagari,

93 1852 132 1904 45
146 1837 207 1904 His
231 1839 292 1904 tibi
315 1843 386 1903 tum
408 1839 505 1904 rebus
528 1839 713 1903 timefactae
736 1840 909 1924 religiones

150 1927 322 2011 Effugiant
344 1928 451 1992 animo
475 1927 626 2011 pavidae,
649 1928 827 2011 mortisque
849 1927 983 1992 timores

148 2014 233 2080 Tum
255 2037 392 2081 vaenum
415 2012 527 2100 peetus
550 2016 704 2099 linquunt
727 2036 864 2099 curaque
888 2015 1040 2080 solutum.

150 2103 243 2180 Quod
266 2104 295 2169 si
315 2104 453 2170 ridicula
475 2105 555 2169 haee
576 2103 778 2189 ludibriaque
802 2125 872 2168 esse
894 2103 1053 2187 videmus,

77 2193 80 2197 ’
134 2192 196 2260 ‚Re
219 2214 358 2277 veraque
381 2197 486 2259 metus
509 2192 678 2259 hominum
702 2214 860 2277 auraeque
884 2213 1035 2276 sequaces

97 2295 135 2346 50
148 2280 218 2347 Nee
239 2284 390 2348 metuunt
413 2283 538 2347 sonitus
558 2304 722 2347 armorum
745 2303 805 2347 neo
828 2282 898 2345 fera
920 2283 1000 2365 tela,

149 2368 376 2455 Audacterque
398 2371 484 2435 inter
505 2392 597 2456 reges
620 2391 791 2455 rerumque
815 2370 959 2453 potentis

151 2456 339 2542 Versantur,
361 2481 467 2544 neque
489 2458 650 2544 fulgorem
673 2460 862 2522 reverentur
885 2458 926 2523 ab
946 2480 1024 2523 auro

149 2544 220 2610 Neo
243 2547 365 2612 clarum
387 2548 488 2613 vestis
512 2546 716 2630 splendorem
739 2546 926 2629 purpureai,

152 2633 236 2710 Quid
268 2634 397 2700 dubitas
429 2636 509 2721 quin
540 2631 676 2720 omni(s)
716 2634 759 2698 sit
789 2633 871 2698 haee
902 2630 1099 2784 ratioqi(s)
1154 2658 1156 2665 ·

830 2724 1011 2806 potestas

68 2876 81 2897 ,
99 2824 137 2875 aa
151 2809 264 2876 Omnis
288 2833 360 2876 eum
383 2812 418 2876 in
440 2813 582 2878 tenebris
606 2810 797 2897 praesertim
820 2811 888 2876 vita
911 2809 1047 2875 laboret.

150 2897 237 2964 Nam
259 2900 360 2965 veluti
381 2901 474 2985 pueri
496 2901 663 2985 trepidant
685 2903 781 2984 atque
805 2899 913 2964 omnia
936 2898 1039 2963 eaeeis

150 2986 191 3052 In
213 2989 355 3053 tenebris
379 2993 542 3074 metuunt,
566 2990 612 3055 sio
634 3011 695 3054 nos
719 2989 755 3052 in
776 2989 848 3053 luee
870 2988 1021 3051 timemus
1126 3004 1130 3012 ·

150 3075 318 3142 Interdum
340 3077 408 3143 nilo
432 3099 514 3162 quae
538 3082 615 3143 sunt
600 3076 810 3143 tmetuenda
832 3076 952 3161 magis,
975 3096 1073 3160 quam

153 3163 242 3240 Quae
264 3166 356 3250 pueri
379 3167 411 3232 in
435 3167 578 3231 tenebris
600 3165 751 3268 pavitant
772 3165 964 3250 finguntque
982 3165 1104 3228 futura.

101 3268 137 3318 oo
152 3251 249 3319 Hune
267 3254 368 3340 igitur
385 3259 541 3320 terrorem
561 3255 662 3326 anim1
653 3255 890 3338 tenebrasque
904 3273 1037 3319 neeesse
1051 3254 1101 3316 est

153 3339 229 3407 Non
251 3343 334 3407 radii
358 3344 436 3408 solis
460 3364 563 3429 neque
586 3343 692 3408 lueida
713 3344 780 3408 tela
803 3343 866 3407 diei

151 3427 350 3515 Discutiant,
323 3432 431 3497 tsed
454 3435 591 3497 naturae
615 3432 737 3516 speeies
759 3431 917 3515 ratioque.
1087 3456 1122 3608 Ι
