2384 3848
88 166 131 230 34
459 164 507 219 ΠΙ.
527 161 732 219 LVCRETIVS

89 307 136 376 VI
202 307 351 394 Denique
368 312 463 374 tento
483 329 579 393 opere
601 307 636 373 in
659 307 766 374 dubiis
790 306 953 391 trepidare
975 307 1109 392 periclis

157 397 258 474 Quae
281 398 381 462 mala
402 417 472 463 nos
496 397 645 482 subigit
666 396 766 462 vitai
787 398 901 461 tanta
922 395 1087 480 cupido?

157 485 254 552 Certa
276 485 406 570 quidem
429 485 503 551 finis
525 485 611 550 vitae
634 484 829 551 mortalibus
853 483 975 568 adstat,

89 590 142 641 ato
157 574 227 641 Neo
249 574 386 640 devitari
408 574 511 638 letum
533 577 624 658 pote,
648 573 726 658 quin
748 573 910 638 obeamus.

154 663 326 729 Praeterea
348 683 515 727 versamur
536 661 659 727 ibidem
681 666 779 747 atque
800 662 948 726 insumus
970 680 1088 746 usque,

155 749 226 818 Nee
247 772 335 816 nova
356 750 494 816 vivendo
517 750 705 834 procuditur
726 749 795 816 ulla
817 749 980 833 voluptas:

156 837 218 905 Sed
236 839 314 906 dum
332 840 425 905 abest
443 839 529 924 quod
548 859 693 922 avemus,
714 838 749 903 id
767 858 961 923 exsuperare
978 835 1108 904 videtur

155 925 283 994 Cetera:
306 932 383 1013 post
406 927 507 1012 aliud,
530 949 604 994 oum
626 927 764 1012 contigit
785 926 880 1010 illud,
903 946 1053 1010 evemus,

87 1031 140 1082 aab
155 1015 200 1081 Idt
223 1017 294 1081 sitis
318 1037 422 1101 aequa
444 1018 535 1080 tenet
556 1015 638 1080 vitai
661 1036 789 1100 semper
809 1013 940 1079 hiantis.

155 1104 355 1189 Posteraque
367 1105 403 1168 in
416 1103 515 1168 dubio
533 1106 584 1168 est
596 1103 761 1169 fortunam
776 1124 874 1187 qnam
887 1101 988 1167 vehat
1006 1103 1106 1186 aetas,

155 1192 302 1276 Quidque
326 1191 411 1257 ferat
433 1191 529 1256 nobis
552 1212 645 1256 ossus
669 1191 764 1276 quive
788 1191 891 1256 exitus
915 1190 1026 1255 instet

153 1279 223 1346 Nee
245 1301 395 1366 prorsum
418 1279 521 1361 vitam
544 1279 688 1346 duosndo
711 1279 870 1346 demimus
893 1278 997 1343 hilum

157 1368 316 1453 Tempore
340 1367 379 1432 de
401 1368 515 1434 mortis
537 1390 598 1434 nee
621 1368 763 1435 delibare
786 1368 945 1451 valemus,

87 1472 140 1524 260
156 1457 227 1534 Quo
252 1457 358 1522 minus
382 1478 452 1523 esse
475 1456 530 1522 diu
552 1457 715 1540 possimus
738 1456 823 1521 forte
845 1453 1016 1540 perempti.

153 1546 294 1612 Proinde
316 1546 392 1611 lieet
414 1545 544 1630 quotvis
566 1544 703 1610 vivendo
728 1543 864 1609 condere
888 1543 1007 1608 saecla:

153 1634 243 1700 Mors
267 1637 400 1699 aeterna
422 1637 534 1698 tamen
555 1633 624 1698 nilo
646 1633 754 1711 minus
776 1632 835 1698 illa
857 1630 1016 1716 manebit,

153 1721 223 1788 Nee
245 1722 353 1786 minus
376 1721 431 1786 ille
453 1721 508 1786 diu
531 1722 596 1785 iam
619 1742 686 1786 non
709 1721 783 1805 erit,
806 1742 845 1786 ex
866 1719 1025 1785 hodierno

153 1810 290 1875 Lumine
313 1810 369 1893 qui
390 1809 489 1875 finem
511 1809 591 1873 vitai
613 1810 702 1894 feeit,
725 1813 758 1875 et
780 1809 849 1893 ille,

88 1914 140 1966 aot
154 1897 322 1965 Mensibus
346 1901 443 1983 atque
466 1897 561 1963 annis
585 1898 641 1982 qui
662 1898 775 1963 multis
798 1895 916 1964 ooeidit
939 1897 1025 1962 ante.

384 2094 415 2159 6.
451 2089 535 2178 (Lib.
555 2091 586 2157 V
611 2090 802 2179 ree-14⁵⁷.)

86 2212 261 2270 Describitur
279 2212 358 2282 origo
376 2212 526 2268 herbarum
544 2214 574 2268 et
592 2211 776 2277 animantium
796 2214 984 2284 (vul—136),
1003 2213 1109 2270 deinde

163 2300 255 2354 cultus
273 2298 390 2354 humani
408 2298 554 2368 civilisque
573 2300 656 2356 initia
673 2317 707 2357 ao
725 2317 889 2372 progressus
907 2302 1033 2372 (-661).

85 2425 102 2494 Ι
198 2425 360 2510 Principio
383 2447 504 2513 genus
527 2428 732 2494 herbarum
751 2427 950 2513 viridemque
964 2429 1106 2495 nitorem

153 2511 254 2580 Terra
276 2515 364 2581 dedit
387 2517 506 2582 oiroum
529 2517 622 2583 sollis
645 2537 842 2600 camposque
864 2538 923 2601 per
945 2515 1068 2603 omnis,

152 2602 283 2670 Florida
305 2605 468 2671 firlserunt
489 2606 642 2672 viridanti
664 2607 760 2690 prata
781 2605 903 2688 colore,

152 2692 396 2780 Arboribusque
419 2694 531 2759 datum
554 2697 603 2760 est
626 2693 724 2759 variis
748 2692 861 2759 exinde
884 2713 944 2776 per
966 2712 1064 2757 auras

121 2779 325 2847 oOreseendi
347 2801 501 2866 magnum
524 2782 668 2848 inmissis
691 2785 854 2848 certamen
876 2779 1023 2846 habenis.

152 2867 200 2934 Vt
221 2870 334 2953 pluma
356 2872 453 2954 atque
475 2869 534 2953 pili
555 2871 697 2955 primum
720 2873 892 2955 saetaeque
915 2870 1068 2934 creantur

154 2955 392 3042 Quadripednm
414 2958 567 3024 membris
592 2962 624 3023 et
645 2979 779 3043 corpore
802 2957 1087 3043 pennipotentum,

154 3042 208 3110 Sis
229 3068 316 3113 nova
338 3051 408 3113 tum
430 3047 526 3112 tellus
548 3046 668 3113 herbas
691 3047 897 3133 virgultaque
919 3045 1062 3129 primum

155 3131 306 3218 Sustulit,
328 3135 402 3201 inde
425 3136 488 3202 looi
510 3135 695 3202 mortalia
718 3135 846 3201 saeela
869 3133 989 3201 creavit

106 3237 140 3286 10
153 3221 260 3287 Multa
282 3223 387 3289 modis
411 3225 522 3290 multis
546 3225 637 3290 varia
656 3224 785 3291 ratione
808 3225 930 3289 coorta

154 3308 241 3376 Nam
262 3331 368 3396 neque
391 3311 430 3376 de
453 3313 541 3378 eaelo
565 3313 717 3379 cecidisse
740 3313 896 3378 animalia
917 3312 1071 3397 possunt,

152 3396 223 3468 Neo
244 3400 414 3466 terrestria
436 3400 475 3466 de
499 3401 592 3468 salsis
611 3402 714 3467 exisse
736 3401 874 3469 lacunis:

32 3538 113 3624 h..
223 3627 227 3644 ,
