2384 3848
89 187 131 252 12
457 186 506 241 ΙΙΙ.
525 185 732 241 LVCRETIVS

159 332 253 409 Quod
277 333 380 397 multa
402 332 438 395 in
459 332 557 396 terris
580 331 650 395 fieri
673 331 825 415 caeloque
847 335 990 416 tuentur,

159 419 302 497 Quorum
326 441 459 504 operum
482 441 595 484 causas
618 421 708 484 nulla
730 421 855 485 ratione
877 420 986 485 videre

157 509 300 574 Possunt
322 530 359 573 ao
381 509 452 573 fieri
475 508 584 572 divino
608 509 741 572 numine
764 512 883 574 rentur.

156 598 243 675 Quas
267 597 308 663 ob
332 619 384 662 res
407 597 464 662 ubi
487 597 661 662 viderimus
684 598 731 660 nil
753 618 849 681 posse
872 597 974 661 creari

91 702 142 751 150
157 684 206 750 De
228 686 306 769 nilo,
328 691 398 751 tum
423 686 509 770 quod
532 687 697 770 sequimur
719 686 786 750 iarn
807 686 927 749 reotius
950 684 1026 760 inde

155 774 404 858 Perspioiemus,
428 775 568 838 etunde
592 778 690 859 queat
712 796 764 838 res
788 795 932 858 quaeque
956 774 1060 839 creari

154 862 200 928 Et
223 885 287 946 quo
310 885 455 947 quaeque
479 862 574 928 modo
598 864 681 927 fiant
704 884 802 947 opera
825 863 895 926 sine
919 863 1036 928 dirum.

88 1038 120 1104 Π
223 1038 309 1104 Nam
334 1041 362 1103 si
385 1040 423 1104 de
446 1041 513 1104 nilo
537 1039 667 1123 fierent,
690 1060 729 1102 ex
753 1035 933 1122 omnibu(s)
956 1039 1054 1103 rebus

75 1139 78 1146 '
155 1126 258 1192 Omne
281 1147 383 1210 genus
406 1129 496 1193 nasei
517 1131 642 1211 posset,
665 1127 713 1191 nil
737 1126 861 1191 semine
884 1129 1004 1210 egeret.

89 1215 183 1282 155E
207 1237 295 1280 mare
318 1216 457 1300 primum
479 1216 641 1299 homines,
665 1238 682 1280 e
706 1219 925 1300 terra.posset
948 1216 1029 1281 oriri

155 1303 401 1389 Squamigerum
425 1326 525 1390 genus
549 1309 582 1369 et
604 1305 750 1369 volueres
774 1326 940 1388 erumpere
964 1303 1071 1369 eaelo:

154 1395 313 1458 Armenta
331 1397 428 1478 atque
447 1393 530 1458 aliae
549 1393 700 1477 pecudes,
723 1412 825 1478 genus
848 1414 945 1458 omne
963 1393 1107 1458 ferarum

153 1481 282 1546 Incerto
306 1486 403 1567 partu
426 1483 516 1547 oultu-
536 1505 573 1547 ae
596 1483 724 1548 deserta
746 1486 909 1546 tenerent:

154 1569 223 1635 Neo
245 1571 369 1636 fruetus
393 1571 479 1637 idem
502 1572 673 1636 arboribus
697 1575 848 1635 constare
872 1570 1026 1654 solerent,

91 1674 141 1723 100
157 1656 220 1723 Sed
242 1663 455 1743 mutarentur,
477 1660 560 1723 ferre
583 1680 695 1724 omnes
720 1659 831 1724 omnia
853 1663 995 1742 possent.

155 1745 293 1830 Quippe,
316 1749 372 1813 ubi
395 1770 463 1812 non
486 1751 595 1812 essent
618 1748 774 1832 genitalia
797 1768 933 1831 corpora
955 1748 1079 1840 cuique,

156 1833 218 1911 Qui
240 1841 353 1919 posset
376 1840 480 1900 mater
502 1837 599 1901 rebus
623 1838 801 1901 consistere
825 1835 934 1900 eerta‘?

155 1923 202 1988 At
223 1945 311 1988 nune
335 1925 549 1990 seminibus
573 1925 663 2009 quia
686 1926 804 1989 eertis
829 1946 1000 2009 quaeque
1027 1946 1108 1990 ore·

839 2017 963 2097 antur,

153 2100 231 2165 Inde
255 2103 416 2166 enaseitur
438 2105 535 2185 atque
558 2124 632 2167 oras
655 2103 690 2166 in
712 2102 844 2167 luminis
868 2103 948 2185 exit,

87 2203 137 2254 165
152 2187 304 2253 Materies
327 2190 383 2253 ubi
405 2191 490 2254 inest
512 2191 665 2274 cuiusque
688 2194 721 2254 et
744 2212 880 2274 corpora
901 2191 1021 2274 prima:

91 2301 93 2305 ¹
150 2275 258 2362 Atque
283 2278 345 2342 hao
372 2300 407 2342 re
430 2283 595 2362 nequeunt
621 2301 660 2344 ex
683 2281 834 2344 omnibus
857 2280 970 2345 omnia
992 2280 1105 2366 gigni,

154 2365 247 2442 Quod
270 2367 365 2431 certis
388 2368 424 2431 in
446 2368 542 2431 rebus
564 2367 650 2433 inest
672 2372 795 2433 secreta
817 2368 963 2433 facultas.

155 2453 327 2518 Praeterea
349 2476 406 2519 our
427 2477 500 2520 vere
524 2478 646 2540 rosam,
668 2457 832 2521 frumenta
855 2457 975 2539 calore,

154 2543 247 2608 Vites
272 2547 426 2609 autumno
451 2544 543 2608 fundi
567 2545 721 2610 suadente
743 2545 905 2629 videmus,

88 2647 138 2697 110
154 2631 188 2696 si
211 2653 289 2714 non,
313 2637 401 2698 oerta
424 2655 483 2699 suo
508 2634 583 2717 quia
605 2637 749 2718 tempore
773 2634 899 2698 semina
921 2656 1031 2699 rerum

154 2717 235 2784 Cum
258 2721 493 2804 confluxerunt,
516 2721 630 2804 patefit
652 2722 875 2807 quodcumque
899 2726 1037 2807 ereatur,

30 2863 33 2868 .
153 2806 240 2872 Dum
263 2812 472 2893 tempestates
496 2810 613 2875 adsunt
636 2816 668 2875 et
690 2811 797 2876 vivida
818 2810 914 2875 tellus
1091 2811 1094 2818 ’

154 2895 239 2963 Tuto
263 2920 314 2963 res
337 2902 465 2964 teneras
489 2898 581 2963 effert
603 2899 637 2963 in
660 2900 792 2963 luminis
816 2898 915 2964 oras?

154 2983 247 3060 Quod
270 2987 298 3051 si
321 2986 360 3050 de
383 2988 450 3051 nilo
473 2987 602 3069 fierent,
627 2988 737 3064 subito
762 2991 971 3053 exorerentur

88 3088 140 3136 175
153 3071 281 3138 Incerto
305 3077 412 3158 spatio
437 3079 534 3160 atque
559 3075 673 3140 alienis
696 3076 842 3159 partibus
863 3077 951 3163 anni,

154 3159 279 3244 Quippe
303 3163 359 3226 ubi
382 3164 473 3228 nulla
495 3165 604 3230 forent
626 3163 819 3248 primordia,
843 3186 925 3248 quae
948 3164 1083 3250 genitali

154 3245 300 3315 Consilio
323 3254 457 3333 possent
480 3254 582 3318 areeri
604 3257 750 3337 tempore
773 3253 895 3337 iniquo.

145 3335 226 3431 ,Neo
250 3359 348 3421 porro
373 3341 528 3423 augendis
551 3342 648 3407 rebus
673 3342 780 3425 spatio
803 3341 888 3405 foret
909 3363 1000 3425 usus,
1096 3410 1099 3415 ,

155 3424 292 3492 Seminis
316 3428 357 3492 ad
380 3428 514 3512 coitum,
539 3430 566 3493 si
590 3453 607 3494 e
629 3430 698 3495 nilo
722 3451 863 3495 creseere
886 3433 1034 3512 possent:
