2384 3848
86 200 153 265 104
449 199 497 254 VI.
515 196 744 252 PROPERTIVS

101 359 137 410 55
153 343 225 422 Quo
249 344 363 428 rapitis
387 342 523 408 miseros
545 344 669 427 primae
692 343 856 428 lanuginis
880 344 1007 410 annos?

195 432 374 498 Attulimus
395 433 513 518 longas
536 432 571 496 in
593 432 678 496 freda
700 434 808 496 vestra
830 454 956 499 manus.

149 521 181 585 A
205 521 303 587 miser
326 521 497 606 alcyonum
521 520 663 604 seopulis
687 521 810 605 adfiger
833 523 950 587 aculis:

194 609 233 674 In
255 631 306 674 me
330 609 477 674 caeruleo
501 608 629 673 firscina
652 613 782 692 sumpta
805 609 864 675 deo
888 613 947 675 esi

149 698 196 763 Aa
219 699 334 763 saltem
356 697 472 763 Italiae
495 697 682 783 regionibus
707 697 846 762 advehet
868 702 992 765 aestus:

97 803 133 853 60
193 786 266 852 Hoc
289 787 327 851 de
350 808 402 851 me
426 789 479 851 sat
501 787 564 851 erit
587 785 733 850 simodo
757 785 872 851 malnis
895 786 979 852 erit?

148 874 319 941 Subtrahit
340 875 421 939 haec
443 874 566 939 fantem
589 877 679 939 torta
701 874 861 959 vertigine
883 875 1015 960 fluctus3

194 962 321 1028 Vltima
344 984 426 1048 quae
449 962 550 1028 Paeto
573 984 698 1048 voxque
722 963 853 1048 diesque
876 964 947 1028 fuir.

150 1052 178 1117 Ο
202 1055 333 1117 centum
357 1072 534 1135 aequoreae
558 1050 664 1117 Nereo
688 1050 834 1136 ¹genitore
856 1053 997 1137 puellae,

191 1140 238 1204 nt
259 1144 296 1203 iu
318 1142 465 1204 materno
488 1142 578 1204 tacta
600 1139 711 1204 dolore
735 1139 846 1224 Theti,

97 1243 132 1295 65
147 1228 218 1294 Vos
242 1228 350 1293 decuit
371 1229 459 1293 lasso
484 1249 664 1311 supponere
686 1226 839 1293 bracchia
861 1232 986 1294 mento:

177 1315 263 1391 ‚Non
285 1319 414 1400 peierat
436 1319 561 1382 vestras
583 1316 639 1381 ille
663 1336 799 1402 gravare
822 1339 946 1382 manus.

143 1405 281 1471 Reddite
305 1427 422 1490 eorpus
444 1405 544 1470 humo
572 1405 696 1490 (posita
719 1405 826 1469 estin
849 1405 978 1490 gurgite
1000 1405 1098 1495 vita)3

189 1494 326 1560 Paetum
350 1498 466 1578 sponie
488 1496 560 1578 tua,
582 1494 657 1558 vilis
680 1491 816 1578 harena,
838 1496 944 1579 tegas!

142 1582 189 1647 Et
212 1583 363 1667 quotiens
386 1581 479 1647 Paeti
502 1582 656 1647 transibit
677 1585 779 1646 naula
802 1583 1001 1668 sepulcrum,

91 1687 125 1736 το
163 1671 259 1736 Dicat
282 1671 332 1734 ‘et
354 1670 469 1736 audaci
491 1674 529 1734 'cu
550 1671 650 1735 timor
673 1691 744 1735 esse
765 1669 881 1754 potes?
1090 1681 1092 1686 “

145 1758 194 1822 At
215 1763 265 1842 tu,
295 1781 388 1825 saeve
406 1757 541 1843 Aquilo,
569 1780 746 1843 numquam
769 1780 840 1823 meu
864 1759 936 1825 vela
958 1759 1096 1831 videbis:

192 1846 280 1912 Ante
302 1846 389 1912 fores
413 1847 561 1912 dominae
585 1847 706 1912 condar
729 1851 858 1932 oportet
879 1849 976 1913 iners.

454 2059 519 2155 μῦ.
552 2057 696 2145 (IV1e.)

364 2181 397 2232 ln
415 2179 452 2236 Μ.
472 2179 620 2234 Claudium
637 2180 811 2235 Marcellum.

143 2287 282 2354 Clausus
305 2288 347 2352 ab
371 2284 525 2353 umb‘roso
550 2311 614 2374 qua
634 2289 720 2356 ludit
742 2294 861 2373 pontus
885 2291 1033 2381 Averno,

188 2375 326 2441 Fumida
348 2375 501 2441 Baiarum
526 2380 643 2462 stagna
665 2379 807 2462 repentis
830 2401 947 2466 aquae,

143 2463 215 2542 Qua
237 2465 321 2530 iacet
344 2468 377 2530 ei
399 2465 515 2530 Troiae
537 2465 669 2531 tubicen
691 2466 837 2537 Misenus
860 2490 972 2555 arene,

185 2554 231 2619 Ei
254 2558 350 2620 sonal
373 2553 532 2620 Herculeo
557 2557 682 2620 structa
705 2556 815 2622 labore
837 2556 903 2643 via,

110 2642 220 2726 5Hic,
242 2644 313 2727 ubi,
336 2643 485 2708 mortalis
509 2642 622 2708 dextra
644 2665 718 2709 cum
742 2649 910 2729 quaereret
932 2647 1047 2732 urbes,

188 2728 347 2816 Cymbala
369 2731 524 2796 Thebano
548 2753 761 2816 concrepuere
784 2733 857 2818 deo,

140 2819 186 2884 At
208 2841 296 2885 nunc
317 2820 441 2884 invisae
465 2841 583 2904 magno
608 2842 679 2885 cum
704 2820 836 2886 crimine
859 2820 973 2908 Baiae,
1083 2896 1086 2901 ,

185 2908 264 2984 Quis
288 2908 366 2974 deus
389 2909 424 2973 in
447 2912 557 2973 vestra
580 2910 728 2976 constitit
750 2910 855 2975 hoelis
879 2912 986 2995 aqua?

138 2995 201 3061 His
224 3019 356 3081 pressus
380 2995 513 3083 Stygias
538 2998 659 3062 voltum
685 2999 814 3063 demisit
835 2998 872 3062 in
893 3001 1017 3087 undas,

92 3102 127 3149 10
187 3083 286 3150 Errat
309 3088 341 3149 el
362 3086 397 3150 in
419 3089 528 3152 vestro
552 3087 684 3171 spiritus
706 3087 762 3152 ille
784 3087 866 3152 lacu.

141 3172 225 3249 Quid
248 3193 350 3258 genus
374 3177 430 3240 aul
452 3174 555 3240 virtus
580 3178 637 3240 aui
659 3177 783 3259 optima
805 3176 929 3261 profuit
951 3177 1003 3242 illi

182 3260 300 3344 Mater,
322 3265 356 3326 ei
378 3264 561 3346 amplexum
585 3261 734 3329 Caesaris
758 3285 829 3329 esse
851 3263 965 3330 focos?

138 3349 207 3415 Aul
229 3350 325 3415 modo
348 3354 416 3415 tam
438 3353 535 3435 pleno
558 3353 722 3418 fluitantia
744 3353 817 3418 vela
838 3351 969 3418 theatro

184 3439 230 3504 nt
251 3460 309 3523 per
331 3441 494 3506 maternas
518 3443 628 3507 omnia
651 3445 743 3527 gesta
766 3440 904 3506 manus?
