2392 3848
121 225 185 290 102
478 223 525 276 VI.
545 219 774 278 PROPERTIVS

187 371 292 447 Quam
316 370 362 434 sio
386 369 508 454 ignotis
532 368 731 434 eireumdata
751 367 850 433 litora
873 366 963 431 silvis

232 459 369 524 Cernere
393 461 426 522 et
449 460 579 540 optatos
603 477 755 542 quaerere
778 454 1002 539 Tyndaridas?

187 548 259 613 Illie
282 548 310 612 si
333 568 397 630 qua
419 567 527 610 meum
551 545 745 630 sepelissent
767 545 836 610 fata
858 545 1017 627 delorem,

138 654 173 702 20
231 635 375 700 Vltimus
400 639 433 699 et
455 635 563 718 posito
588 636 689 700 staret
712 655 820 698 amore
843 633 942 717 lapis,

186 724 248 788 llla
271 746 343 788 meo
368 745 459 788 earos
483 723 636 788 donasset
657 723 770 787 funere
794 721 914 804 crines,

232 812 379 878 Molliter
401 815 434 876 et
456 815 570 876 tenera
592 814 727 896 poneret
751 832 826 876 ossa
849 831 937 875 rosa:

186 902 249 966 Illa
272 923 380 966 meum
404 904 546 965 extreme
571 901 743 966 clamasset
765 901 895 983 pulvere
918 918 1054 981 nomen,

231 989 277 1055 Vt
301 989 381 1054 mihi
404 1011 471 1054 non
493 990 558 1053 ullo
582 989 724 1073 pondere
747 991 834 1052 terra
857 988 951 1053 foret.

138 1095 172 1145 ae
189 1078 235 1143 At
258 1100 331 1160 vos,
354 1098 532 1163 aequoreae
555 1076 699 1143 formosa
721 1076 843 1141 Doride
866 1079 978 1159 natae,
1009 1073 1015 1083 ’

232 1165 376 1231 Candida
398 1165 486 1230 felici
509 1166 625 1230 solvite
648 1166 720 1230 vela
744 1166 875 1245 ohoror

190 1255 224 1321 si
249 1254 377 1340 quando
402 1257 527 1318 vestras
551 1254 664 1319 labens
688 1254 792 1318 Amor
815 1254 926 1340 attigit
948 1252 1068 1336 undas,
1124 1255 1128 1260 ’

231 1343 411 1409 Mansuetis
436 1343 523 1409 socio
546 1344 669 1426 parcite
692 1343 850 1408 litoribus.
913 1361 914 1364 ’

483 1539 622 1601 14-16.
655 1547 772 1602 Noniae.

527 1679 576 1742 14.
611 1677 672 1763 (IV
697 1675 737 1764 τ.)

288 1783 321 1836 In
339 1782 458 1836 Paetum
477 1782 600 1836 amioum
617 1781 766 1850 naufragio
786 1781 962 1837 exstinctum.

186 1874 275 1959 Ergo
300 1873 458 1938 sollicitae
481 1876 517 1936 tu
541 1893 651 1955 eausa,
674 1873 825 1956 pecunia,
848 1874 935 1939 vitae
959 1874 1008 1939 es!

231 1962 293 2027 Per
315 1966 347 2027 te
370 1963 568 2026 inmaturum
591 1960 707 2026 mortis
732 1961 866 2026 adimus·
881 1962 951 2027 iter.

187 2051 236 2115 Tu
259 2051 349 2116 vitiis
373 2051 542 2115 hominum
566 2050 710 2114 crudelia
732 2051 853 2133 pabule
875 2052 1026 2135 praebes:

234 2137 362 2204 Semina
386 2161 536 2203 curarum
560 2138 727 2222 decapite
751 2141 824 2204 orta
846 2143 913 2204 tuo.
1049 2185 1052 2193 -

158 2226 239 2290 eTu
262 2225 398 2290 Paetum
420 2226 461 2290 ad
484 2225 621 2291 Pharios
645 2227 834 2292 tendentem
857 2228 959 2292 lintea
981 2231 1098 2311 portus

234 2313 352 2378 Obruis
376 2315 491 2379 insano
515 2318 628 2399 terque
652 2317 828 2401 quaterque
851 2317 943 2381 mari.

188 2401 274 2478 Nam
298 2402 374 2466 dum
397 2405 430 2467 te
454 2403 613 2487 sequitur,
637 2404 743 2488 primo
766 2405 865 2470 miser
888 2405 1006 2470 excidit
1030 2425 1110 2469 aevo

198 2552 200 2556 .
232 2490 277 2555 Et
298 2513 384 2556 nova
406 2492 592 2578 longinquis
615 2493 761 2575 piscibus
784 2515 858 2558 esea
879 2496 987 2577 natat,

187 2581 232 2646 Et
254 2583 359 2644 mater
381 2603 448 2646 non
470 2581 557 2646 iusta
579 2581 652 2664 piae
676 2581 751 2647 dare
775 2582 884 2647 debita
906 2585 1010 2647 terrae

140 2686 174 2735 10
233 2668 303 2733 Nee
326 2673 403 2752 pote
426 2673 584 2754 cognatos
607 2671 692 2734 inter
715 2670 850 2735 humare
873 2692 984 2756 rogos,

190 2756 253 2822 Sed
271 2761 329 2822 tua
347 2778 432 2823 nune
450 2757 597 2822 volueres
617 2758 748 2823 adstant
768 2780 864 2843 super
884 2781 959 2824 ossa
980 2758 1143 2840 marinae,

232 2846 328 2912 Nune
355 2846 416 2910 tibi
443 2867 503 2929 pro
531 2846 656 2911 tumulo
685 2843 897 2932 Carpathium
927 2869 1024 2914 omne
1054 2868 1144 2911 mare

871 2940 929 3002 est.

188 3022 305 3087 Infelix
328 3023 465 3106 Aquilo,
487 3025 600 3106 raptae
623 3023 722 3088 timor
745 3022 927 3108 Orithyiae,

124 3192 127 3197 Ι
234 3110 324 3187 Quae
347 3112 452 3196 spolia
475 3133 514 3176 ex
536 3111 592 3175 illo
616 3115 709 3176 tanta
731 3112 821 3178 fuere
845 3114 929 3179 tibi?

142 3216 175 3264 15
189 3199 257 3264 Aut
281 3199 434 3283 quidnam
457 3201 562 3265 fracta
586 3201 719 3285 gaudes,
743 3199 908 3288 Neptune,
932 3202 1066 3267 earina?

235 3287 394 3352 Portabat
417 3293 547 3354 sanetus
573 3289 682 3353 alveus
705 3289 761 3354 ille
784 3292 881 3357 viros.

191 3376 303 3459 Paete,
326 3377 402 3460 quid
426 3379 566 3441 aetatem
589 3378 762 3442 numeras?
791 3381 868 3465 quid
892 3401 967 3445 cara
989 3380 1123 3445 natanti

232 3464 341 3528 Mater
364 3465 399 3528 in
423 3485 477 3528 ore
500 3464 563 3528 tibi
588 3465 658 3530 est?
686 3487 752 3531 non
775 3468 875 3533 habet
897 3468 984 3534 unda
1007 3468 1096 3534 deos,
