<?xml version="1.0" encoding="UTF-8"?>
<!DOCTYPE html PUBLIC "-//W3C//DTD XHTML 1.0 Transitional//EN"
    "http://www.w3.org/TR/xhtml1/DTD/xhtml1-transitional.dtd">
<html xmlns="http://www.w3.org/1999/xhtml" xml:lang="en" lang="en">
 <head>
  <title>
</title>
<meta http-equiv="Content-Type" content="text/html;charset=utf-8" />
  <meta name='ocr-system' content='tesseract 3.04.00' />
  <meta name='ocr-capabilities' content='ocr_page ocr_carea ocr_par ocr_line ocrx_word'/>
</head>
<body>
  <div class='ocr_page' id='page_1' title='image "./eclogaepoetarum00unkngoog_0050.png"; bbox 0 0 2384 3848; ppageno 0'>
   <div class='ocr_carea' id='block_1_1' title="bbox 468 184 1111 254">
    <p class='ocr_par' dir='ltr' id='par_1_1' title="bbox 468 184 1111 254">
     <span class='ocr_line' id='line_1_1' title="bbox 468 184 1111 254; baseline 0.003 -14"><span class='ocrx_word' id='word_1_1' title='bbox 468 185 515 240; x_wconf 89' lang='lat'>111.</span> <span class='ocrx_word' id='word_1_2' title='bbox 534 184 739 242; x_wconf 79' lang='lat' dir='ltr'>avcannvs</span> <span class='ocrx_word' id='word_1_3' title='bbox 1066 187 1111 254; x_wconf 81' lang='lat'>39</span> 
     </span>
    </p>
   </div>
   <div class='ocr_carea' id='block_1_2' title="bbox 63 329 1123 3512">
    <p class='ocr_par' dir='ltr' id='par_1_2' title="bbox 95 329 1023 416">
     <span class='ocr_line' id='line_1_2' title="bbox 95 329 1023 416; baseline 0 -18"><span class='ocrx_word' id='word_1_4' title='bbox 95 347 146 398; x_wconf 80' lang='grc'>100</span> <span class='ocrx_word' id='word_1_5' title='bbox 161 329 285 416; x_wconf 80' lang='lat' dir='ltr'>Sponte</span> <span class='ocrx_word' id='word_1_6' title='bbox 309 351 381 414; x_wconf 87' lang='lat' dir='ltr'>sua,</span> <span class='ocrx_word' id='word_1_7' title='bbox 404 329 486 395; x_wconf 90' lang='lat' dir='ltr'>satis</span> <span class='ocrx_word' id='word_1_8' title='bbox 508 330 541 395; x_wconf 89' lang='lat' dir='ltr'>id</span> <span class='ocrx_word' id='word_1_9' title='bbox 563 330 716 414; x_wconf 90' lang='lat' dir='ltr'>placabat</span> <span class='ocrx_word' id='word_1_10' title='bbox 737 335 869 415; x_wconf 78' lang='lat' dir='ltr'>pectora</span> <span class='ocrx_word' id='word_1_11' title='bbox 892 332 1023 398; x_wconf 91' lang='lat' dir='ltr'>donum.</span> 
     </span>
    </p>

    <p class='ocr_par' dir='ltr' id='par_1_3' title="bbox 63 417 1123 681">
     <span class='ocr_line' id='line_1_3' title="bbox 63 417 1123 506; baseline 0.005 -21"><span class='ocrx_word' id='word_1_12' title='bbox 63 490 67 502; x_wconf 59' lang='grc'><em>,</em></span> <span class='ocrx_word' id='word_1_13' title='bbox 162 419 365 485; x_wconf 80' lang='lat' dir='ltr'>Glandiferas</span> <span class='ocrx_word' id='word_1_14' title='bbox 388 417 474 484; x_wconf 88' lang='lat' dir='ltr'>inter</span> <span class='ocrx_word' id='word_1_15' title='bbox 496 418 655 487; x_wconf 75' lang='lat' dir='ltr'>curabant</span> <span class='ocrx_word' id='word_1_16' title='bbox 676 441 812 503; x_wconf 88' lang='lat' dir='ltr'>corpora</span> <span class='ocrx_word' id='word_1_17' title='bbox 836 442 972 506; x_wconf 90' lang='lat' dir='ltr'>quercus</span> <span class='ocrx_word' id='word_1_18' title='bbox 1119 483 1123 490; x_wconf 93' lang='lat'>.</span> 
     </span>
     <span class='ocr_line' id='line_1_4' title="bbox 160 507 1088 595; baseline 0.003 -23"><span class='ocrx_word' id='word_1_19' title='bbox 160 508 368 594; x_wconf 82' lang='lat' dir='ltr'>Plerumque:</span> <span class='ocrx_word' id='word_1_20' title='bbox 391 511 425 572; x_wconf 89' lang='lat' dir='ltr'>et</span> <span class='ocrx_word' id='word_1_21' title='bbox 447 528 529 592; x_wconf 89' lang='lat' dir='ltr'>quae</span> <span class='ocrx_word' id='word_1_22' title='bbox 551 528 637 573; x_wconf 89' lang='lat' dir='ltr'>nunc</span> <span class='ocrx_word' id='word_1_23' title='bbox 659 507 796 574; x_wconf 86' lang='lat' dir='ltr'>hiberno</span> <span class='ocrx_word' id='word_1_24' title='bbox 819 513 964 595; x_wconf 87' lang='lat' dir='ltr'>ternpore</span> <span class='ocrx_word' id='word_1_25' title='bbox 985 510 1088 576; x_wconf 91' lang='lat' dir='ltr'>cernis</span> 
     </span>
     <span class='ocr_line' id='line_1_5' title="bbox 161 595 816 681; baseline 0 -19"><span class='ocrx_word' id='word_1_26' title='bbox 161 596 281 662; x_wconf 79' lang='lat' dir='ltr'>Arbita</span> <span class='ocrx_word' id='word_1_27' title='bbox 302 597 439 681; x_wconf 91' lang='lat' dir='ltr'>puniceo</span> <span class='ocrx_word' id='word_1_28' title='bbox 463 595 534 660; x_wconf 89' lang='lat' dir='ltr'>fieri</span> <span class='ocrx_word' id='word_1_29' title='bbox 555 599 674 661; x_wconf 91' lang='lat' dir='ltr'>natura</span> <span class='ocrx_word' id='word_1_30' title='bbox 697 597 816 681; x_wconf 89' lang='lat' dir='ltr'>colore,</span> 
     </span>
    </p>

    <p class='ocr_par' dir='ltr' id='par_1_4' title="bbox 161 684 941 751">
     <span class='ocr_line' id='line_1_6' title="bbox 161 684 941 751; baseline 0.001 -1"><span class='ocrx_word' id='word_1_31' title='bbox 161 684 306 750; x_wconf 92' lang='lat' dir='ltr'>Plurima</span> <span class='ocrx_word' id='word_1_32' title='bbox 327 687 397 749; x_wconf 87' lang='lat' dir='ltr'>tum</span> <span class='ocrx_word' id='word_1_33' title='bbox 419 685 516 750; x_wconf 89' lang='lat' dir='ltr'>tellus</span> <span class='ocrx_word' id='word_1_34' title='bbox 539 685 638 749; x_wconf 89' lang='lat' dir='ltr'>etiam</span> <span class='ocrx_word' id='word_1_35' title='bbox 661 686 786 750; x_wconf 89' lang='lat' dir='ltr'>maiora</span> <span class='ocrx_word' id='word_1_36' title='bbox 807 686 941 751; x_wconf 83' lang='lat' dir='ltr'>ferebat.</span> 
     </span>
    </p>

    <p class='ocr_par' dir='ltr' id='par_1_5' title="bbox 91 772 1034 947">
     <span class='ocr_line' id='line_1_7' title="bbox 91 772 1034 858; baseline 0.002 -19"><span class='ocrx_word' id='word_1_37' title='bbox 91 787 144 839; x_wconf 78' lang='lat'>155</span> <span class='ocrx_word' id='word_1_38' title='bbox 159 772 328 858; x_wconf 83' lang='lat' dir='ltr'>Multaque</span> <span class='ocrx_word' id='word_1_39' title='bbox 348 777 516 857; x_wconf 90' lang='lat' dir='ltr'>praeterea</span> <span class='ocrx_word' id='word_1_40' title='bbox 538 773 667 838; x_wconf 82' lang='lat' dir='ltr'>novitas</span> <span class='ocrx_word' id='word_1_41' title='bbox 690 777 760 838; x_wconf 86' lang='lat' dir='ltr'>turn</span> <span class='ocrx_word' id='word_1_42' title='bbox 782 774 898 840; x_wconf 89' lang='lat' dir='ltr'>florida</span> <span class='ocrx_word' id='word_1_43' title='bbox 921 775 1034 841; x_wconf 90' lang='lat' dir='ltr'>mundi</span> 
     </span>
     <span class='ocr_line' id='line_1_8' title="bbox 160 860 1007 947; baseline 0.001 -21"><span class='ocrx_word' id='word_1_44' title='bbox 160 860 286 927; x_wconf 79' lang='lat' dir='ltr'>Pabula</span> <span class='ocrx_word' id='word_1_45' title='bbox 308 861 389 926; x_wconf 88' lang='lat' dir='ltr'>dura</span> <span class='ocrx_word' id='word_1_46' title='bbox 410 862 500 945; x_wconf 91' lang='lat' dir='ltr'>tulit,</span> <span class='ocrx_word' id='word_1_47' title='bbox 521 861 649 926; x_wconf 88' lang='lat' dir='ltr'>miseris</span> <span class='ocrx_word' id='word_1_48' title='bbox 672 862 865 927; x_wconf 70' lang='lat' dir='ltr'>mortalibus</span> <span class='ocrx_word' id='word_1_49' title='bbox 889 864 1007 947; x_wconf 87' lang='lat' dir='ltr'>ampla.</span> 
     </span>
    </p>

    <p class='ocr_par' dir='ltr' id='par_1_6' title="bbox 160 949 1079 1215">
     <span class='ocr_line' id='line_1_9' title="bbox 161 949 958 1036; baseline 0 -22"><span class='ocrx_word' id='word_1_50' title='bbox 161 949 210 1015; x_wconf 88' lang='lat' dir='ltr'>At</span> <span class='ocrx_word' id='word_1_51' title='bbox 232 951 341 1016; x_wconf 89' lang='lat' dir='ltr'>sedare</span> <span class='ocrx_word' id='word_1_52' title='bbox 366 951 454 1015; x_wconf 91' lang='lat' dir='ltr'>sitim</span> <span class='ocrx_word' id='word_1_53' title='bbox 477 949 567 1015; x_wconf 89' lang='lat' dir='ltr'>fluvii</span> <span class='ocrx_word' id='word_1_54' title='bbox 588 950 759 1036; x_wconf 89' lang='lat' dir='ltr'>fontesque</span> <span class='ocrx_word' id='word_1_55' title='bbox 783 951 958 1035; x_wconf 87' lang='lat' dir='ltr'>vocabant,</span> 
     </span>
     <span class='ocr_line' id='line_1_10' title="bbox 161 1036 992 1124; baseline 0.001 -21"><span class='ocrx_word' id='word_1_56' title='bbox 161 1036 208 1103; x_wconf 85' lang='lat' dir='ltr'>Vt</span> <span class='ocrx_word' id='word_1_57' title='bbox 228 1060 316 1104; x_wconf 90' lang='lat' dir='ltr'>nunc</span> <span class='ocrx_word' id='word_1_58' title='bbox 338 1038 504 1104; x_wconf 90' lang='lat' dir='ltr'>montibus</span> <span class='ocrx_word' id='word_1_59' title='bbox 528 1059 545 1102; x_wconf 90' lang='lat' dir='ltr'>e</span> <span class='ocrx_word' id='word_1_60' title='bbox 568 1039 696 1122; x_wconf 81' lang='lat' dir='ltr'>magnis</span> <span class='ocrx_word' id='word_1_61' title='bbox 719 1039 872 1105; x_wconf 87' lang='lat' dir='ltr'>decursus</span> <span class='ocrx_word' id='word_1_62' title='bbox 896 1040 992 1124; x_wconf 88' lang='lat' dir='ltr'>aquai</span> 
     </span>
     <span class='ocr_line' id='line_1_11' title="bbox 160 1124 1079 1215; baseline 0.003 -25"><span class='ocrx_word' id='word_1_63' title='bbox 160 1124 314 1214; x_wconf 84' lang='lat' dir='ltr'>Largu(s)</span> <span class='ocrx_word' id='word_1_64' title='bbox 338 1127 420 1193; x_wconf 87' lang='lat' dir='ltr'>citat</span> <span class='ocrx_word' id='word_1_65' title='bbox 441 1127 506 1192; x_wconf 89' lang='lat' dir='ltr'>late</span> <span class='ocrx_word' id='word_1_66' title='bbox 529 1127 673 1192; x_wconf 83' lang='lat' dir='ltr'>sitientia</span> <span class='ocrx_word' id='word_1_67' title='bbox 696 1128 802 1193; x_wconf 86' lang='lat' dir='ltr'>saecla</span> <span class='ocrx_word' id='word_1_68' title='bbox 824 1129 974 1193; x_wconf 88' lang='lat' dir='ltr'>ferarum.</span> <span class='ocrx_word' id='word_1_69' title='bbox 1074 1203 1079 1215; x_wconf 35' lang='grc' dir='ltr'><em>Ι</em></span> 
     </span>
    </p>

    <p class='ocr_par' dir='ltr' id='par_1_7' title="bbox 91 1213 1051 1565">
     <span class='ocr_line' id='line_1_12' title="bbox 91 1213 1017 1301; baseline 0.003 -21"><span class='ocrx_word' id='word_1_70' title='bbox 91 1230 145 1282; x_wconf 88' lang='grc'>100</span> <span class='ocrx_word' id='word_1_71' title='bbox 160 1213 314 1300; x_wconf 87' lang='lat' dir='ltr'>Denique</span> <span class='ocrx_word' id='word_1_72' title='bbox 330 1218 410 1280; x_wconf 87' lang='lat' dir='ltr'>nota</span> <span class='ocrx_word' id='word_1_73' title='bbox 432 1215 508 1301; x_wconf 83' lang='lat' dir='ltr'>vagi</span> <span class='ocrx_word' id='word_1_74' title='bbox 531 1214 692 1280; x_wconf 75' lang='lat' dir='ltr'>silvestria</span> <span class='ocrx_word' id='word_1_75' title='bbox 714 1217 837 1301; x_wconf 91' lang='lat' dir='ltr'>templa</span> <span class='ocrx_word' id='word_1_76' title='bbox 859 1219 1017 1282; x_wconf 90' lang='lat' dir='ltr'>tenebant</span> 
     </span>
     <span class='ocr_line' id='line_1_13' title="bbox 160 1299 1051 1391; baseline 0.002 -22"><span class='ocrx_word' id='word_1_77' title='bbox 160 1299 400 1388; x_wconf 87' lang='lat' dir='ltr'>Nympharum,</span> <span class='ocrx_word' id='word_1_78' title='bbox 423 1303 539 1389; x_wconf 92' lang='lat' dir='ltr'>quibus</span> <span class='ocrx_word' id='word_1_79' title='bbox 562 1325 579 1367; x_wconf 90' lang='lat' dir='ltr'>e</span> <span class='ocrx_word' id='word_1_80' title='bbox 604 1304 730 1369; x_wconf 77' lang='lat' dir='ltr'>scibant</span> <span class='ocrx_word' id='word_1_81' title='bbox 753 1302 905 1391; x_wconf 88' lang='lat' dir='ltr'>umori(s)</span> <span class='ocrx_word' id='word_1_82' title='bbox 928 1306 1051 1371; x_wconf 86' lang='lat' dir='ltr'>fluenta</span> 
     </span>
     <span class='ocr_line' id='line_1_14' title="bbox 160 1390 962 1478; baseline 0.004 -22"><span class='ocrx_word' id='word_1_83' title='bbox 160 1390 301 1458; x_wconf 89' lang='lat' dir='ltr'>Lubrica</span> <span class='ocrx_word' id='word_1_84' title='bbox 323 1393 469 1476; x_wconf 90' lang='lat' dir='ltr'>proluvie</span> <span class='ocrx_word' id='word_1_85' title='bbox 492 1393 583 1477; x_wconf 83' lang='lat' dir='ltr'>larga</span> <span class='ocrx_word' id='word_1_86' title='bbox 606 1393 713 1457; x_wconf 88' lang='lat' dir='ltr'>lavere</span> <span class='ocrx_word' id='word_1_87' title='bbox 737 1393 847 1459; x_wconf 91' lang='lat' dir='ltr'>umida</span> <span class='ocrx_word' id='word_1_88' title='bbox 870 1416 962 1478; x_wconf 86' lang='lat' dir='ltr'>saxa,</span> 
     </span>
     <span class='ocr_line' id='line_1_15' title="bbox 159 1478 957 1565; baseline 0.001 -20"><span class='ocrx_word' id='word_1_89' title='bbox 159 1478 279 1545; x_wconf 87' lang='lat' dir='ltr'>Vmida</span> <span class='ocrx_word' id='word_1_90' title='bbox 301 1502 392 1565; x_wconf 85' lang='lat' dir='ltr'>saxa,</span> <span class='ocrx_word' id='word_1_91' title='bbox 416 1502 512 1565; x_wconf 90' lang='lat' dir='ltr'>super</span> <span class='ocrx_word' id='word_1_92' title='bbox 534 1480 628 1545; x_wconf 90' lang='lat' dir='ltr'>viridi</span> <span class='ocrx_word' id='word_1_93' title='bbox 651 1481 811 1545; x_wconf 90' lang='lat' dir='ltr'>stillantia</span> <span class='ocrx_word' id='word_1_94' title='bbox 833 1503 957 1565; x_wconf 88' lang='lat' dir='ltr'>musco,</span> 
     </span>
    </p>

    <p class='ocr_par' dir='ltr' id='par_1_8' title="bbox 159 1567 1073 1655">
     <span class='ocr_line' id='line_1_16' title="bbox 159 1567 1073 1655; baseline 0.002 -22"><span class='ocrx_word' id='word_1_95' title='bbox 159 1567 206 1633; x_wconf 79' lang='lat' dir='ltr'>Et</span> <span class='ocrx_word' id='word_1_96' title='bbox 227 1569 346 1654; x_wconf 89' lang='lat' dir='ltr'>partim</span> <span class='ocrx_word' id='word_1_97' title='bbox 362 1569 467 1653; x_wconf 83' lang='lat' dir='ltr'>plano</span> <span class='ocrx_word' id='word_1_98' title='bbox 491 1573 614 1635; x_wconf 89' lang='lat' dir='ltr'>scatere</span> <span class='ocrx_word' id='word_1_99' title='bbox 637 1572 735 1654; x_wconf 88' lang='lat' dir='ltr'>atque</span> <span class='ocrx_word' id='word_1_100' title='bbox 758 1590 925 1654; x_wconf 81' lang='lat' dir='ltr'>erumpere</span> <span class='ocrx_word' id='word_1_101' title='bbox 949 1591 1073 1655; x_wconf 88' lang='lat' dir='ltr'>campo.</span> 
     </span>
    </p>

    <p class='ocr_par' dir='ltr' id='par_1_9' title="bbox 90 1653 985 1831">
     <span class='ocr_line' id='line_1_17' title="bbox 90 1653 985 1743; baseline 0.001 -22"><span class='ocrx_word' id='word_1_102' title='bbox 90 1670 145 1722; x_wconf 80' lang='lat'>165</span> <span class='ocrx_word' id='word_1_103' title='bbox 160 1653 306 1723; x_wconf 84' lang='lat' dir='ltr'>Necdum</span> <span class='ocrx_word' id='word_1_104' title='bbox 328 1680 380 1743; x_wconf 81' lang='lat' dir='ltr'>res</span> <span class='ocrx_word' id='word_1_105' title='bbox 403 1658 472 1743; x_wconf 80' lang='lat' dir='ltr'>igni</span> <span class='ocrx_word' id='word_1_106' title='bbox 496 1658 623 1723; x_wconf 87' lang='lat' dir='ltr'>scibant</span> <span class='ocrx_word' id='word_1_107' title='bbox 645 1661 787 1723; x_wconf 88' lang='lat' dir='ltr'>tractare</span> <span class='ocrx_word' id='word_1_108' title='bbox 809 1679 914 1742; x_wconf 91' lang='lat' dir='ltr'>neque</span> <span class='ocrx_word' id='word_1_109' title='bbox 936 1659 985 1723; x_wconf 90' lang='lat' dir='ltr'>uti</span> 
     </span>
     <span class='ocr_line' id='line_1_18' title="bbox 160 1744 958 1831; baseline 0 -21"><span class='ocrx_word' id='word_1_110' title='bbox 160 1744 305 1811; x_wconf 87' lang='lat' dir='ltr'>Pellibus</span> <span class='ocrx_word' id='word_1_111' title='bbox 328 1750 362 1812; x_wconf 89' lang='lat' dir='ltr'>et</span> <span class='ocrx_word' id='word_1_112' title='bbox 385 1747 497 1830; x_wconf 90' lang='lat' dir='ltr'>spoliis</span> <span class='ocrx_word' id='word_1_113' title='bbox 521 1768 637 1830; x_wconf 90' lang='lat' dir='ltr'>corpus</span> <span class='ocrx_word' id='word_1_114' title='bbox 661 1747 780 1812; x_wconf 88' lang='lat' dir='ltr'>vestire</span> <span class='ocrx_word' id='word_1_115' title='bbox 803 1747 958 1831; x_wconf 86' lang='lat' dir='ltr'>ferarum,</span> 
     </span>
    </p>

    <p class='ocr_par' dir='ltr' id='par_1_10' title="bbox 150 1830 1109 2096">
     <span class='ocr_line' id='line_1_19' title="bbox 160 1830 1109 1921; baseline 0.002 -22"><span class='ocrx_word' id='word_1_116' title='bbox 160 1830 224 1900; x_wconf 82' lang='lat' dir='ltr'>Sed</span> <span class='ocrx_word' id='word_1_117' title='bbox 245 1856 379 1901; x_wconf 86' lang='lat' dir='ltr'>nemora</span> <span class='ocrx_word' id='word_1_118' title='bbox 397 1839 493 1920; x_wconf 89' lang='lat' dir='ltr'>atque</span> <span class='ocrx_word' id='word_1_119' title='bbox 513 1857 609 1902; x_wconf 85' lang='lat' dir='ltr'>cavos</span> <span class='ocrx_word' id='word_1_120' title='bbox 628 1835 748 1901; x_wconf 90' lang='lat' dir='ltr'>montis</span> <span class='ocrx_word' id='word_1_121' title='bbox 768 1836 929 1921; x_wconf 89' lang='lat' dir='ltr'>silvasque</span> <span class='ocrx_word' id='word_1_122' title='bbox 947 1835 1109 1919; x_wconf 85' lang='lat' dir='ltr'>colebant,</span> 
     </span>
     <span class='ocr_line' id='line_1_20' title="bbox 158 1921 1026 2008; baseline 0.001 -21"><span class='ocrx_word' id='word_1_123' title='bbox 158 1921 206 1987; x_wconf 79' lang='lat' dir='ltr'>Et</span> <span class='ocrx_word' id='word_1_124' title='bbox 226 1923 360 1989; x_wconf 84' lang='lat' dir='ltr'>frutices</span> <span class='ocrx_word' id='word_1_125' title='bbox 383 1925 469 1989; x_wconf 90' lang='lat' dir='ltr'>inter</span> <span class='ocrx_word' id='word_1_126' title='bbox 492 1923 675 1988; x_wconf 87' lang='lat' dir='ltr'>condebant</span> <span class='ocrx_word' id='word_1_127' title='bbox 698 1925 845 2007; x_wconf 90' lang='lat' dir='ltr'>squalida</span> <span class='ocrx_word' id='word_1_128' title='bbox 868 1925 1026 2008; x_wconf 87' lang='lat' dir='ltr'>membra,</span> 
     </span>
     <span class='ocr_line' id='line_1_21' title="bbox 150 2009 963 2096; baseline 0.001 -20"><span class='ocrx_word' id='word_1_129' title='bbox 150 2009 306 2078; x_wconf 83' lang='lat' dir='ltr'>-Verbera</span> <span class='ocrx_word' id='word_1_130' title='bbox 329 2016 499 2078; x_wconf 90' lang='lat' dir='ltr'>ventorum</span> <span class='ocrx_word' id='word_1_131' title='bbox 522 2012 626 2076; x_wconf 88' lang='lat' dir='ltr'>vitare</span> <span class='ocrx_word' id='word_1_132' title='bbox 648 2012 825 2096; x_wconf 89' lang='lat' dir='ltr'>imbrisque</span> <span class='ocrx_word' id='word_1_133' title='bbox 848 2012 963 2078; x_wconf 87' lang='lat' dir='ltr'>coacti.</span> 
     </span>
    </p>

    <p class='ocr_par' dir='ltr' id='par_1_11' title="bbox 89 2098 1112 2274">
     <span class='ocr_line' id='line_1_22' title="bbox 89 2098 1112 2185; baseline 0.001 -22"><span class='ocrx_word' id='word_1_134' title='bbox 89 2113 145 2165; x_wconf 76' lang='grc'>100</span> <span class='ocrx_word' id='word_1_135' title='bbox 159 2098 228 2165; x_wconf 90' lang='lat' dir='ltr'>Nec</span> <span class='ocrx_word' id='word_1_136' title='bbox 242 2122 410 2169; x_wconf 89' lang='lat' dir='ltr'>commune</span> <span class='ocrx_word' id='word_1_137' title='bbox 419 2102 551 2166; x_wconf 53' lang='lat' dir='ltr'>*bonum</span> <span class='ocrx_word' id='word_1_138' title='bbox 565 2103 716 2184; x_wconf 88' lang='lat' dir='ltr'>poterant</span> <span class='ocrx_word' id='word_1_139' title='bbox 735 2103 894 2185; x_wconf 88' lang='lat' dir='ltr'>spectare,</span> <span class='ocrx_word' id='word_1_140' title='bbox 912 2120 1016 2184; x_wconf 90' lang='lat' dir='ltr'>neque</span> <span class='ocrx_word' id='word_1_141' title='bbox 1035 2098 1112 2164; x_wconf 88' lang='lat' dir='ltr'>ullis</span> 
     </span>
     <span class='ocr_line' id='line_1_23' title="bbox 160 2187 936 2274; baseline 0.001 -21"><span class='ocrx_word' id='word_1_142' title='bbox 160 2187 307 2254; x_wconf 86' lang='lat' dir='ltr'>Moribus</span> <span class='ocrx_word' id='word_1_143' title='bbox 329 2191 416 2255; x_wconf 90' lang='lat' dir='ltr'>inter</span> <span class='ocrx_word' id='word_1_144' title='bbox 437 2211 473 2256; x_wconf 89' lang='lat' dir='ltr'>se</span> <span class='ocrx_word' id='word_1_145' title='bbox 496 2190 624 2254; x_wconf 89' lang='lat' dir='ltr'>scibant</span> <span class='ocrx_word' id='word_1_146' title='bbox 645 2211 704 2256; x_wconf 88' lang='lat' dir='ltr'>nec</span> <span class='ocrx_word' id='word_1_147' title='bbox 726 2189 854 2274; x_wconf 81' lang='lat' dir='ltr'>legibus</span> <span class='ocrx_word' id='word_1_148' title='bbox 878 2188 936 2271; x_wconf 85' lang='lat' dir='ltr'>uti.</span> 
     </span>
    </p>

    <p class='ocr_par' dir='ltr' id='par_1_12' title="bbox 160 2275 1074 2540">
     <span class='ocr_line' id='line_1_24' title="bbox 161 2275 1055 2363; baseline -0.002 -21"><span class='ocrx_word' id='word_1_149' title='bbox 161 2275 255 2354; x_wconf 79' lang='lat' dir='ltr'>Quod</span> <span class='ocrx_word' id='word_1_150' title='bbox 277 2278 393 2363; x_wconf 87' lang='lat' dir='ltr'>cuique</span> <span class='ocrx_word' id='word_1_151' title='bbox 414 2278 578 2345; x_wconf 90' lang='lat' dir='ltr'>obtulerat</span> <span class='ocrx_word' id='word_1_152' title='bbox 599 2278 737 2362; x_wconf 88' lang='lat' dir='ltr'>praedae</span> <span class='ocrx_word' id='word_1_153' title='bbox 759 2277 906 2362; x_wconf 85' lang='lat' dir='ltr'>fortuna,</span> <span class='ocrx_word' id='word_1_154' title='bbox 928 2277 1055 2341; x_wconf 83' lang='lat' dir='ltr'>ferebat</span> 
     </span>
     <span class='ocr_line' id='line_1_25' title="bbox 160 2363 1074 2451; baseline 0 -22"><span class='ocrx_word' id='word_1_155' title='bbox 160 2363 282 2450; x_wconf 82' lang='lat' dir='ltr'>Sponte</span> <span class='ocrx_word' id='word_1_156' title='bbox 305 2384 365 2432; x_wconf 83' lang='lat' dir='ltr'>sua·</span> <span class='ocrx_word' id='word_1_157' title='bbox 387 2367 451 2433; x_wconf 88' lang='lat' dir='ltr'>sibi</span> <span class='ocrx_word' id='word_1_158' title='bbox 474 2367 610 2451; x_wconf 89' lang='lat' dir='ltr'>quisque</span> <span class='ocrx_word' id='word_1_159' title='bbox 632 2367 741 2432; x_wconf 89' lang='lat' dir='ltr'>valere</span> <span class='ocrx_word' id='word_1_160' title='bbox 765 2370 798 2432; x_wconf 90' lang='lat' dir='ltr'>et</span> <span class='ocrx_word' id='word_1_161' title='bbox 820 2367 927 2431; x_wconf 88' lang='lat' dir='ltr'>vivere</span> <span class='ocrx_word' id='word_1_162' title='bbox 950 2364 1074 2430; x_wconf 88' lang='lat' dir='ltr'>doetus.</span> 
     </span>
     <span class='ocr_line' id='line_1_26' title="bbox 160 2452 1051 2540; baseline -0.002 -22"><span class='ocrx_word' id='word_1_163' title='bbox 160 2452 206 2519; x_wconf 81' lang='grc'>111</span> <span class='ocrx_word' id='word_1_164' title='bbox 227 2453 339 2519; x_wconf 89' lang='lat' dir='ltr'>Venus</span> <span class='ocrx_word' id='word_1_165' title='bbox 361 2456 396 2519; x_wconf 92' lang='lat' dir='ltr'>in</span> <span class='ocrx_word' id='word_1_166' title='bbox 420 2456 511 2521; x_wconf 90' lang='lat' dir='ltr'>silvis</span> <span class='ocrx_word' id='word_1_167' title='bbox 534 2455 690 2540; x_wconf 84' lang='lat' dir='ltr'>iungebat</span> <span class='ocrx_word' id='word_1_168' title='bbox 713 2475 848 2538; x_wconf 88' lang='lat' dir='ltr'>corpora</span> <span class='ocrx_word' id='word_1_169' title='bbox 871 2456 1051 2519; x_wconf 87' lang='lat' dir='ltr'>amantum:</span> 
     </span>
    </p>

    <p class='ocr_par' dir='ltr' id='par_1_13' title="bbox 90 2539 1089 2962">
     <span class='ocr_line' id='line_1_27' title="bbox 90 2539 1007 2626; baseline 0 -21"><span class='ocrx_word' id='word_1_170' title='bbox 90 2554 145 2605; x_wconf 76' lang='grc'>110</span> <span class='ocrx_word' id='word_1_171' title='bbox 160 2539 364 2608; x_wconf 71' lang='lat' dir='ltr'>conciliabat</span> <span class='ocrx_word' id='word_1_172' title='bbox 387 2543 473 2608; x_wconf 90' lang='lat' dir='ltr'>enim</span> <span class='ocrx_word' id='word_1_173' title='bbox 497 2543 548 2608; x_wconf 90' lang='lat' dir='ltr'>vel</span> <span class='ocrx_word' id='word_1_174' title='bbox 569 2545 683 2606; x_wconf 90' lang='lat' dir='ltr'>mutua</span> <span class='ocrx_word' id='word_1_175' title='bbox 706 2562 868 2626; x_wconf 89' lang='lat' dir='ltr'>quamque</span> <span class='ocrx_word' id='word_1_176' title='bbox 891 2540 1007 2625; x_wconf 88' lang='lat' dir='ltr'>cupido</span> 
     </span>
     <span class='ocr_line' id='line_1_28' title="bbox 160 2628 951 2714; baseline -0.001 -19"><span class='ocrx_word' id='word_1_177' title='bbox 160 2628 223 2696; x_wconf 84' lang='lat' dir='ltr'>Vel</span> <span class='ocrx_word' id='word_1_178' title='bbox 244 2632 389 2698; x_wconf 86' lang='lat' dir='ltr'>violenta</span> <span class='ocrx_word' id='word_1_179' title='bbox 411 2632 475 2696; x_wconf 82' lang='lat' dir='ltr'>viri</span> <span class='ocrx_word' id='word_1_180' title='bbox 496 2632 546 2697; x_wconf 90' lang='lat' dir='ltr'>vis</span> <span class='ocrx_word' id='word_1_181' title='bbox 570 2633 666 2714; x_wconf 89' lang='lat' dir='ltr'>atque</span> <span class='ocrx_word' id='word_1_182' title='bbox 689 2630 826 2714; x_wconf 88' lang='lat' dir='ltr'>inpensa</span> <span class='ocrx_word' id='word_1_183' title='bbox 849 2629 951 2694; x_wconf 90' lang='lat' dir='ltr'>libido</span> 
     </span>
     <span class='ocr_line' id='line_1_29' title="bbox 160 2716 1089 2805; baseline -0.003 -22"><span class='ocrx_word' id='word_1_184' title='bbox 160 2717 222 2784; x_wconf 90' lang='lat' dir='ltr'>Vel</span> <span class='ocrx_word' id='word_1_185' title='bbox 243 2720 398 2805; x_wconf 86' lang='lat' dir='ltr'>pretium,</span> <span class='ocrx_word' id='word_1_186' title='bbox 421 2720 556 2805; x_wconf 85' lang='lat' dir='ltr'>glandes</span> <span class='ocrx_word' id='word_1_187' title='bbox 579 2722 676 2805; x_wconf 90' lang='lat' dir='ltr'>atque</span> <span class='ocrx_word' id='word_1_188' title='bbox 700 2719 807 2784; x_wconf 90' lang='lat' dir='ltr'>arbita</span> <span class='ocrx_word' id='word_1_189' title='bbox 828 2718 880 2782; x_wconf 91' lang='lat' dir='ltr'>vel</span> <span class='ocrx_word' id='word_1_190' title='bbox 902 2718 973 2801; x_wconf 90' lang='lat' dir='ltr'>pira</span> <span class='ocrx_word' id='word_1_191' title='bbox 995 2716 1089 2781; x_wconf 84' lang='grc'><strong>10010.</strong></span> 
     </span>
     <span class='ocr_line' id='line_1_30' title="bbox 159 2805 933 2891; baseline -0.003 -19"><span class='ocrx_word' id='word_1_192' title='bbox 159 2805 205 2872; x_wconf 81' lang='lat' dir='ltr'>Et</span> <span class='ocrx_word' id='word_1_193' title='bbox 227 2829 382 2873; x_wconf 86' lang='lat' dir='ltr'>manuum</span> <span class='ocrx_word' id='word_1_194' title='bbox 405 2809 488 2873; x_wconf 88' lang='lat' dir='ltr'>mira</span> <span class='ocrx_word' id='word_1_195' title='bbox 510 2808 586 2874; x_wconf 84' lang='lat' dir='ltr'>freti</span> <span class='ocrx_word' id='word_1_196' title='bbox 609 2808 728 2872; x_wconf 92' lang='lat' dir='ltr'>virtute</span> <span class='ocrx_word' id='word_1_197' title='bbox 750 2808 933 2891; x_wconf 88' lang='lat' dir='ltr'>pedumque</span> 
     </span>
     <span class='ocr_line' id='line_1_31' title="bbox 158 2891 923 2962; baseline -0.001 -2"><span class='ocrx_word' id='word_1_198' title='bbox 158 2891 441 2962; x_wconf 71' lang='lat' dir='ltr'>consectabantur</span> <span class='ocrx_word' id='word_1_199' title='bbox 467 2897 630 2962; x_wconf 87' lang='lat' dir='ltr'>silvestria</span> <span class='ocrx_word' id='word_1_200' title='bbox 653 2897 760 2961; x_wconf 89' lang='lat' dir='ltr'>saecla</span> <span class='ocrx_word' id='word_1_201' title='bbox 782 2896 923 2960; x_wconf 83' lang='lat' dir='ltr'>ferarum</span> 
     </span>
    </p>

    <p class='ocr_par' dir='ltr' id='par_1_14' title="bbox 91 2981 1022 3404">
     <span class='ocr_line' id='line_1_32' title="bbox 91 2981 959 3069; baseline 0 -23"><span class='ocrx_word' id='word_1_202' title='bbox 91 2996 145 3046; x_wconf 88' lang='lat'>180</span> <span class='ocrx_word' id='word_1_203' title='bbox 159 2981 339 3051; x_wconf 89' lang='lat' dir='ltr'>Missilibus</span> <span class='ocrx_word' id='word_1_204' title='bbox 363 2986 448 3051; x_wconf 85' lang='lat' dir='ltr'>saxis</span> <span class='ocrx_word' id='word_1_205' title='bbox 472 2988 506 3049; x_wconf 90' lang='lat' dir='ltr'>et</span> <span class='ocrx_word' id='word_1_206' title='bbox 528 3005 648 3069; x_wconf 81' lang='lat' dir='ltr'>magno</span> <span class='ocrx_word' id='word_1_207' title='bbox 671 2984 812 3068; x_wconf 88' lang='lat' dir='ltr'>pondere</span> <span class='ocrx_word' id='word_1_208' title='bbox 836 2983 959 3066; x_wconf 86' lang='lat' dir='ltr'>clavae,</span> 
     </span>
     <span class='ocr_line' id='line_1_33' title="bbox 159 3069 1006 3157; baseline -0.001 -22"><span class='ocrx_word' id='word_1_209' title='bbox 159 3069 328 3157; x_wconf 85' lang='lat' dir='ltr'>Multaque</span> <span class='ocrx_word' id='word_1_210' title='bbox 350 3074 537 3157; x_wconf 78' lang='lat' dir='ltr'>vincebant,</span> <span class='ocrx_word' id='word_1_211' title='bbox 559 3072 708 3137; x_wconf 89' lang='lat' dir='ltr'>vitabant</span> <span class='ocrx_word' id='word_1_212' title='bbox 730 3092 834 3155; x_wconf 88' lang='lat' dir='ltr'>pauca</span> <span class='ocrx_word' id='word_1_213' title='bbox 856 3069 1006 3153; x_wconf 85' lang='lat' dir='ltr'>latebris,</span> 
     </span>
     <span class='ocr_line' id='line_1_34' title="bbox 160 3157 996 3247; baseline -0.001 -23"><span class='ocrx_word' id='word_1_214' title='bbox 160 3157 402 3247; x_wconf 69' lang='lat' dir='ltr'>saetigerisque</span> <span class='ocrx_word' id='word_1_215' title='bbox 424 3183 519 3246; x_wconf 90' lang='lat' dir='ltr'>pares</span> <span class='ocrx_word' id='word_1_216' title='bbox 542 3162 643 3226; x_wconf 88' lang='lat' dir='ltr'>subus</span> <span class='ocrx_word' id='word_1_217' title='bbox 667 3160 827 3226; x_wconf 89' lang='lat' dir='ltr'>silvestria</span> <span class='ocrx_word' id='word_1_218' title='bbox 850 3160 996 3224; x_wconf 88' lang='lat' dir='ltr'>membra</span> 
     </span>
     <span class='ocr_line' id='line_1_35' title="bbox 159 3246 1022 3334; baseline -0.003 -21"><span class='ocrx_word' id='word_1_219' title='bbox 159 3246 258 3314; x_wconf 90' lang='lat' dir='ltr'>Nuda</span> <span class='ocrx_word' id='word_1_220' title='bbox 281 3249 404 3316; x_wconf 88' lang='lat' dir='ltr'>dabant</span> <span class='ocrx_word' id='word_1_221' title='bbox 425 3253 546 3334; x_wconf 79' lang='lat' dir='ltr'>terrae,</span> <span class='ocrx_word' id='word_1_222' title='bbox 567 3252 726 3315; x_wconf 88' lang='lat' dir='ltr'>nocturno</span> <span class='ocrx_word' id='word_1_223' title='bbox 749 3251 897 3333; x_wconf 90' lang='lat' dir='ltr'>tempore</span> <span class='ocrx_word' id='word_1_224' title='bbox 921 3246 1022 3331; x_wconf 85' lang='lat' dir='ltr'>eapti,</span> 
     </span>
     <span class='ocr_line' id='line_1_36' title="bbox 159 3333 985 3404; baseline -0.001 -2"><span class='ocrx_word' id='word_1_225' title='bbox 159 3333 289 3404; x_wconf 78' lang='lat' dir='ltr'>Circum</span> <span class='ocrx_word' id='word_1_226' title='bbox 313 3359 347 3403; x_wconf 90' lang='lat' dir='ltr'>se</span> <span class='ocrx_word' id='word_1_227' title='bbox 369 3339 456 3404; x_wconf 86' lang='lat' dir='ltr'>foliis</span> <span class='ocrx_word' id='word_1_228' title='bbox 479 3359 517 3403; x_wconf 88' lang='lat' dir='ltr'>ac</span> <span class='ocrx_word' id='word_1_229' title='bbox 539 3337 709 3402; x_wconf 87' lang='lat' dir='ltr'>frondibus</span> <span class='ocrx_word' id='word_1_230' title='bbox 733 3337 945 3402; x_wconf 86' lang='lat' dir='ltr'>involventes.</span> <span class='ocrx_word' id='word_1_231' title='bbox 984 3373 985 3376; x_wconf 18' lang='grc' dir='ltr'>π</span> 
     </span>
    </p>

    <p class='ocr_par' dir='ltr' id='par_1_15' title="bbox 91 3423 1051 3512">
     <span class='ocr_line' id='line_1_37' title="bbox 91 3423 1051 3512; baseline -0.003 -24"><span class='ocrx_word' id='word_1_232' title='bbox 91 3423 230 3492; x_wconf 80' lang='grc'><strong>1001100</strong></span> <span class='ocrx_word' id='word_1_233' title='bbox 251 3427 410 3512; x_wconf 84' lang='lat' dir='ltr'>plangore</span> <span class='ocrx_word' id='word_1_234' title='bbox 434 3427 519 3492; x_wconf 88' lang='lat' dir='ltr'>diem</span> <span class='ocrx_word' id='word_1_235' title='bbox 543 3447 663 3511; x_wconf 85' lang='lat' dir='ltr'>magno</span> <span class='ocrx_word' id='word_1_236' title='bbox 688 3426 851 3509; x_wconf 86' lang='lat' dir='ltr'>solemque</span> <span class='ocrx_word' id='word_1_237' title='bbox 874 3445 932 3508; x_wconf 90' lang='lat' dir='ltr'>per</span> <span class='ocrx_word' id='word_1_238' title='bbox 954 3441 1051 3506; x_wconf 82' lang='lat' dir='ltr'>agros</span> 
     </span>
    </p>
   </div>
   <div class='ocr_carea' id='block_1_3' title="bbox 0 0 1198 3848">
    <p class='ocr_par' dir='ltr' id='par_1_16' title="bbox 0 0 1198 3848">
     <span class='ocr_line' id='line_1_38' title="bbox 0 0 1198 3848; baseline 0 0"><span class='ocrx_word' id='word_1_239' title='bbox 0 0 1198 3848; x_wconf 95' lang='lat' dir='ltr'> </span> 
     </span>
    </p>
   </div>
  </div>
 </body>
</html>
