2384 3848
129 174 195 239 110
345 194 356 212 «.
523 170 585 225 vn.
605 152 797 226 ovrorvs'

195 318 329 404 Iamque
353 317 463 382 decem
485 317 571 381 vitae
594 316 694 380 frater
718 316 941 400 geminaverat
963 338 1082 404 annos,

242 404 324 471 (lum
347 405 445 489 perit,
469 408 502 470 et
525 405 616 489 coepi
639 408 733 488 parte
756 425 864 469 carere
887 405 960 469 mei.

196 493 347 579 Cepimus
371 497 404 558 et
425 497 554 558 tenerae
577 494 701 577 primos
725 493 844 557 aetatis
867 493 1021 579 honores,

239 583 332 669 Eque
355 582 435 646 viris
459 582 621 666 quondam
644 603 720 665 pars
743 582 848 646 tribus
872 605 937 647 una
958 583 1016 648 fui.

147 687 181 736 ³5
198 670 295 737 Curia
317 670 471 735 restabat.
508 671 591 734 clavi
613 691 764 735 mensura
787 673 900 735 coacta
923 675 986 736 est:

109 823 111 826 .
241 758 348 824 Maius
373 761 443 822 erat
465 758 588 824 nostris
612 758 734 823 viribus
757 758 839 822 illud
863 780 953 824 onus.

195 847 264 914 Nec
287 848 415 931 patiens
439 868 568 931 corpus,
591 867 651 911 nec
674 868 764 911 mens
787 846 852 911 fuit
875 851 952 931 apta
974 848 1098 936 labori,

241 935 471 1020 Sollicitaeque
494 935 594 1020 fugax
617 935 805 1001 ambitionis
829 956 926 1001 eram.

195 1024 241 1089 Et
264 1028 373 1108 petere
397 1023 522 1089 Aoniae
546 1024 726 1089 suadebant
748 1026 820 1094 tuta
844 1045 971 1090 sorores

147 1129 182 1177 40
241 1112 329 1196 Otia,
351 1112 469 1177 iudicio
493 1134 619 1195 semper
643 1115 752 1176 amata
773 1135 855 1178 meo.

197 1200 366 1284 Temporis
388 1200 476 1264 illius
500 1200 586 1266 colui
608 1201 737 1286 fovique
759 1203 908 1286 poetas,

241 1289 389 1375 Quotque
413 1289 548 1353 aderant
570 1292 673 1374 vates,
696 1289 792 1353 rebar
814 1289 926 1354 adesse
950 1290 1038 1356 deos.

98 1444 101 1452 ,
197 1377 300 1462 Saepe
324 1399 398 1443 suas
421 1379 567 1443 volucres
590 1378 671 1462 legit
694 1377 774 1442 mihi
797 1378 952 1463 grandior
975 1401 1070 1464 aevo,

239 1466 364 1551 Quique
386 1470 481 1532 necet
504 1488 649 1550 serpens,
673 1488 755 1551 quae
777 1467 867 1533 iuvet
889 1466 1004 1552 herba,
1027 1467 1145 1553 Macer,

144 1571 179 1620 45
195 1553 297 1639 Saepe
322 1577 397 1620 suos
422 1555 537 1620 solitus
560 1555 698 1620 recitare
720 1553 908 1639 Propertius
931 1557 1024 1641 ignes

239 1643 312 1708 Iure
337 1643 496 1728 sodalicii,
519 1665 582 1727 quo
606 1643 687 1707 mihi
708 1643 837 1708 iunctus
862 1647 939 1709 erat.

192 1731 347 1796 Ponticus
370 1730 484 1815 heroo,
507 1731 630 1796 Bassus
654 1753 781 1816 quoque
804 1732 910 1798 clarus
933 1733 1051 1799 iambis
1134 1740 1140 1750 ‘

238 1817 354 1884 Dulcia
377 1821 543 1885 convictus
567 1820 712 1884 membra
734 1820 824 1885 tuere
846 1822 919 1888 mei.

194 1907 239 1972 Et
262 1908 368 1973 tenuit
389 1911 518 1973 nostras
541 1929 732 1973 numerosus
755 1908 912 1975 Horatius
936 1933 1045 1996 aures,

145 2012 180 2063 50
240 1995 326 2062 Dum
349 1997 426 2062 ferit
448 1997 595 2062 Ausonia
618 1997 763 2062 carmina
786 1998 874 2062 culta
895 1999 976 2082 lyra

192 2084 375 2170 Vergilium
399 2086 465 2151 vidi
487 2089 624 2150 tantum.
661 2107 721 2151 nec
745 2108 856 2150 amara
880 2087 1009 2153 Tibullo

238 2173 381 2256 Tempus
404 2175 567 2238 amicitiae
589 2174 659 2238 iata
682 2174 796 2240 dedere
819 2197 919 2241 meae.

194 2259 368 2325 Successor
389 2261 453 2325 fuit
475 2261 530 2326 hic
552 2262 626 2345 tibi,
650 2260 758 2346 Galle,
780 2263 968 2348 Propertius
992 2266 1054 2330 illi:

238 2348 377 2424 Quartus
401 2350 441 2415 ab
465 2350 516 2414 his
540 2350 621 2415 serie
644 2352 800 2435 temporis
823 2353 893 2436 ipse
916 2353 973 2418 fui.

142 2453 177 2502 55
191 2437 299 2521 thue
322 2458 383 2523 ego
407 2440 559 2524 maiores,
583 2440 629 2504 sio
652 2461 703 2503 me
727 2440 855 2506 coluere
877 2442 1033 2527 minores,

236 2525 388 2612 Notaque
411 2550 477 2592 non
500 2529 592 2592 tarde
615 2528 703 2593 facta
726 2527 843 2594 Thalia
865 2552 941 2594 mea
961 2534 1020 2595 est.

194 2612 347 2680 Oarmina
369 2638 442 2681 cum
464 2617 605 2700 primum
628 2617 750 2699 populo
773 2618 928 2683 iuvenilia
950 2619 1032 2704 legi,

235 2703 346 2769 Barba
367 2708 492 2770 resecta
515 2705 596 2769 mihi
619 2705 710 2769 bisve
735 2707 873 2771 semelve
896 2707 967 2779 fuit.

190 2791 337 2858 Moverat
358 2793 525 2878 ingenium
548 2796 652 2858 totam
676 2796 807 2858 cantata
828 2816 887 2878 per
909 2794 1035 2860 Vrbem

142 2897 176 2945 50
232 2878 375 2959 Nomine
397 2903 463 2947 non
486 2904 563 2947 vero
587 2882 674 2946 dicta
697 2879 841 2947 Corinna
864 2883 952 2948 mihi.

191 2968 295 3033 Multa
318 2971 447 3055 quidem
471 2971 598 3054 scripsi:
623 2970 679 3036 sed
703 2993 785 3057 quae
809 2972 929 3037 vitiosa
951 2972 1081 3058 putavi,

235 3057 462 3124 Emendaturis
485 3060 617 3144 ignibus
643 3061 712 3144 ipse
736 3059 818 3125 dedi.

191 3144 282 3209 Tunc
318 3169 456 3233 quoque,
489 3170 561 3213 oum
594 3148 753 3235 fugerem,
787 3149 946 3233 quaedam
977 3149 1144 3252 placitura

234 3321 342 3387 Iratus
367 3324 473 3390 studio
498 3326 758 3410 carminibusque
782 3258 1025 3391 meiscremaw’

140 3426 174 3475 65
189 3409 288 3477 Molle
313 3409 500 3496 Cupidineis
522 3437 582 3480 neo
605 3415 858 3500 inexpugnabile
881 3415 956 3480 telis

66 3508 152 3628 h
