2392 3848
112 170 153 236 78
501 170 535 226 V.
555 168 734 225 TIBVLLVS

174 314 221 380 At
243 318 294 398 tu,
317 314 437 381 natalis
460 314 583 380 multos
607 312 795 379 oelebraude
816 333 876 396 por
897 335 1016 398 annos,

223 401 399 470 Candidior
421 423 549 487 semper
571 401 803 486 candidiorque
824 401 909 469 veni.

524 597 555 662 5.
588 593 650 680 (ιι,
674 593 713 682 1.)

442 717 614 775 Sacrificium
633 718 803 774 amborvale.

179 847 333 932 Quisquis
357 847 463 931 adest,
484 846 607 912 faueat:
630 845 742 931 fruges
764 844 941 909 lustramus
965 847 998 910 et
1021 866 1131 932 agros,

222 935 317 1004 Ritus
340 940 378 1000 ut
399 958 419 1001 a
441 935 549 1018 priseo
572 934 711 1000 traditus
735 935 843 998 exstat
865 954 936 1000 avo.

175 1024 319 1107 Bacche,
342 1024 430 1107 veni,
452 1023 626 1107 dulcisque·
640 1022 705 1087 tuis
729 1043 747 1087 e
769 1020 920 1087 oornihus
942 1044 1007 1088 uva

222 1113 380 1196 Pendeat,
403 1115 438 1176 et
459 1112 557 1195 spicis
579 1113 728 1194 tempora
750 1110 858 1196 cinge,
881 1108 989 1176 (terea

147 1201 263 1267 tLuee
287 1221 380 1265 saera
401 1199 584 1285 requieseat
605 1197 723 1263 humus
729 1249 738 1282 ,
760 1198 943 1284 requieseat
965 1202 1090 1285 arator,

222 1288 268 1355 nt
291 1308 391 1374 grave
414 1309 571 1372 suspenso
593 1308 724 1353 vomere
750 1290 855 1352 oesset
878 1308 968 1371 opus.

179 1376 303 1443 Solvite
324 1377 431 1443 vinela
451 1376 552 1462 iugis:
574 1397 660 1443 nuno
683 1376 727 1441 ad
747 1375 917 1460 praesepia?
940 1375 1061 1443 debent

223 1465 324 1531 Plena
346 1468 502 1532 coronato
526 1468 613 1531 stare
635 1464 734 1530 boves
758 1464 872 1548 capito.
899 1470 906 1498 ’-

179 1553 299 1621 Omnia
322 1554 389 1619 sint
412 1557 554 1639 operata.
570 1553 645 1619 deo:
668 1574 735 1618 non
758 1553 876 1617 audeat
896 1553 966 1617 ulla

132 1660 166 1710 10
224 1641 404 1708 Lanificam
427 1642 537 1725 pensis
560 1642 744 1725 inposuisse
767 1661 908 1706 manum.

183 1727 282 1796 Casta
304 1731 438 1813 plaoeut
460 1731 597 1813 superis:
618 1752 701 1814 pura
723 1751 796 1795 oum
819 1734 909 1794 vaste
931 1731 1040 1796 venite

225 1818 271 1885 Et
291 1818 444 1884 manibus
465 1818 556 1902 puris
580 1818 699 1884 sumite
720 1817 821 1883 fontis
844 1838 970 1901 aquam.

179 1905 311 1972 Gemite
316 1906 509 1993 ,fulgentes
532 1909 571 1973 ut
592 1910 646 1971 est
668 1927 760 1972 sacer
781 1927 887 1992 agnus
910 1907 952 1971 ad
975 1929 1049 1974 arae

225 1957 408 2148 Vinctaque
430 1998 506 2080 post
491 1995 602 2060 tolea
624 1996 760 2061 eandida
782 1994 880 2060 turbo
901 2015 1023 2063 eomas.

132 2101 164 2151 15
179 2083 222 2150 Di
245 2084 357 2167 patrii,
380 2104 558 2168 purgamus
582 2105 692 2169 agros,
714 2103 890 2169 purgamus
914 2090 1072 2169 agrestes.

222 2171 292 2237 Vos
316 2171 403 2236 mala
426 2172 464 2235 de
486 2172 609 2236 nostris
632 2172 744 2256 pellite
766 2172 940 2258 limitibus,

178 2259 251 2325 Neu
275 2279 368 2344 seges
392 2258 502 2324 eludat
487 2262 662 2325 tmessem
685 2260 856 2326 fallacibus
878 2261 1005 2346 herbis,

223 2346 297 2412 Nau
319 2347 435 2412 timeat
457 2348 574 2413 eeleres
597 2348 722 2414 tardior
744 2351 831 2435 agna
852 2349 956 2435 lupos.

179 2436 263 2500 Tum
286 2436 408 2501 nitidus
430 2437 536 2520 plenis
559 2437 699 2503 confisus
722 2437 864 2505 rustious
886 2439 972 2522 agris

130 2542 164 2591 ιο
223 2524 354 2609 Ingeret
377 2525 503 2590 ardenti
526 2527 662 2611 grandia
684 2527 776 2613 ligna
797 2527 883 2610 foco,

179 2613 352 2698 Turbaque
374 2634 558 2699 vernarum,
581 2615 685 2682 saturi
707 2616 795 2683 bona
818 2615 915 2699 signe.
934 2614 1057 2699 coloni,
1080 2664 1083 2669 .

223 2700 329 2766 Ludet
352 2705 446 2766 etex
468 2703 571 2788 virgis
595 2708 739 2770 exstruet
761 2707 838 2768 ants
861 2723 961 2767 casos.

179 2790 345 2855 Eventura
366 2811 494 2873 preoor
517 2791 614 2859 viden
636 2796 673 2857 ut
658 2792 842 2857 tfelioibus
866 2791 950 2857 extis

225 2876 394 2963 Signifioet
416 2880 561 2963 placidos
583 2880 700 2945 nuntia
721 2879 804 2944 fibra
826 2879 928 2944 deos?

130 2981 164 3034 ιι
178 2964 275 3033 Nune
297 2967 379 3034 mihi
399 2967 547 3035 fumosos
568 2968 689 3033 veteris
708 2968 850 3051 proferte
873 2934 1030 3032 Falernos

226 3053 377 3126 Consulis
401 3061 434 3122 et
457 3054 539 3122 Chio
563 3057 681 3121 solvite
704 3057 810 3121 vinela
833 3057 923 3121 eodo.

180 3144 269 3211 Vina
291 3145 376 3209 diem
399 3146 573 3210 eelebrent
546 3148 573 3209 t.
596 3165 664 3209 non
685 3145 769 3210 fosta
791 3145 864 3210 luoe
889 3143 1018 3210 madere

224 3232 288 3298 Est
309 3232 421 3316 rubor,
444 3235 588 3298 ornandas
611 3236 647 3298 et
666 3234 751 3299 mole
772 3233 857 3299 ferra
879 3233 986 3318 pedes.

177 3320 240 3387 Sed
259 3319 352 3384 ‘bene
370 3318 568 3386 Messallam'
588 3344 646 3388 aua
669 3322 803 3406 quisque
827 3322 868 3387 ad
891 3322 1008 3406 poeula
1030 3320 1129 3405 dioot,
1174 3367 1177 3373 -

133 3426 167 3475 30
224 3407 353 3473 Nomen
377 3411 410 3472 et
432 3409 578 3474 absentis
602 3410 733 3496 singula
755 3411 855 3476 verba
878 3412 1002 3476 sonent
