2384 3848
458 154 508 210 IV.
527 153 718 212 OATVLLVS

493 301 543 367 11.
576 297 616 385 (e.
635 297 693 387 aa.)

397 405 443 469 Ad
461 403 490 458 Ο.
509 403 612 461 Iulium
630 402 787 459 Caesarem.

152 474 211 562 Nil
233 496 368 561 nimium
393 495 520 578 studeo,
544 491 677 578 Caesar,
699 495 760 559 tibi
782 495 866 559 velle
888 496 1032 582 plaeere,

199 583 268 650 Nee
292 583 373 649 seire
396 585 505 648 utrum
530 583 574 648 ria
597 583 690 647 albus
714 605 757 647 an
781 585 850 648 ater
873 583 980 650 homo.

496 742 545 808 12.
578 737 620 829 (e.
638 739 697 827 84).

506 845 540 909 In
557 845 679 901 Arrium.

155 937 357 1009 Chommoda
379 938 522 1017 dicebat,
546 939 574 1003 ei
597 937 725 1022 quando
749 937 918 1005 commoda
938 939 1064 1007 vellet.

199 1027 330 1112 Dicere,
354 1031 388 1093 et
409 1027 545 1093 insidias
567 1026 682 1093 Arrius
705 1025 876 1111 hineidias,

154 1116 199 1181 nt
220 1118 291 1180 tum
314 1116 448 1180 mirifice
470 1114 624 1200 sperabat
647 1136 681 1179 se
703 1135 774 1179 esee
796 1115 956 1200 loentum,

202 1202 284 1268 Cum
308 1206 465 1287 quantum
487 1205 617 1287 poterat
640 1203 764 1269 dixerat
785 1203 953 1270 hineidiae.

123 1290 272 1375 acredo,
296 1292 342 1357 sie
364 1295 480 1376 mater,
503 1292 550 1357 sie
572 1290 671 1357 Liber
694 1292 871 1359 avumulus
893 1293 975 1376 eius,

200 1378 442 1447 sumeremus
466 1403 545 1449 avus
569 1380 694 1446 dixerat
716 1383 813 1464 atqua
837 1380 919 1449 avia.

154 1468 226 1534 Hoe
248 1469 348 1535 misso
363 1466 406 1537 'in
430 1466 559 1553 Syriam
582 1469 770 1553 requierant
792 1468 941 1539 omnibus
965 1491 1074 1538 arares:

198 1557 368 1623 Audibant
390 1558 501 1623 eadem
523 1557 605 1623 haee
626 1557 743 1623 leniter
765 1561 799 1625 et
820 1557 949 1642 leuiter,

153 1646 223 1712 Nee
247 1646 309 1711 eibi
331 1646 463 1729 postilla
485 1647 676 1714 metuebant
697 1645 777 1711 talia
799 1646 913 1730 verba,

108 1750 142 1799 10
202 1731 284 1798 Oum
307 1734 416 1799 subite
439 1734 582 1803 adfertur
606 1734 741 1799 nuntius
762 1733 944 1819 horribilia,

152 1821 262 1887 Ionios
285 1821 415 1904 fluetur,
437 1826 610 1906 postquam
632 1822 711 1890 illuc
735 1823 848 1892 Arrius
870 1823 964 1907 ineat,

197 1909 268 1982 Iam
290 1931 358 1979 non
379 1910 492 1979 Ionios
515 1932 600 1994 aare,
623 1910 679 1979 sed
701 1909 849 1979 Hionios.

404 2087 553 2155 13-16.
586 2096 632 2153 Aa
649 2096 789 2155 Lesbiam.

435 2229 485 2292 13.
514 2225 554 2311 (e.
574 2243 617 2311 51,
637 2227 755 2312 1-12.)

275 2331 394 2387 Carmen
413 2331 542 2405 Sapphus
560 2331 720 2388 imitatione
739 2349 911 2402 expressum.

152 2420 212 2486 Ille
235 2421 281 2486 mi
303 2445 364 2506 par
387 2444 457 2488 esse
480 2423 539 2489 deo
562 2423 701 2506 videtur,

151 2510 226 2595 Ille,
250 2511 278 2576 ei
301 2511 351 2576 fae
375 2516 438 2596 est,
462 2533 613 2596 superare
636 2510 742 2596 divos,

153 2599 215 2676 Qui
240 2600 353 2665 sedens
377 2599 530 2665 adversus
554 2598 730 2664 identidem
752 2604 785 2663 te

241 2687 375 2771 Spectat
397 2691 431 2753 et
453 2689 544 2757 audit

122 2775 254 2842 5Dulce
276 2777 449 2860 ridentem,
472 2777 591 2840 misero
615 2775 701 2862 quod
724 2776 830 2843 omnis

49 2860 53 2871 ’
152 2863 260 2948 Eripit
283 2887 396 2930 aeneus
419 2864 514 2929 mihi:
536 2886 615 2930 nam
638 2864 735 2929 simul
758 2867 804 2944 te,

152 2952 284 3038 Lesbia,
307 2952 454 3039 adspexi,
478 2951 562 3017 nihil
585 2956 751 3037 estsuper
774 2953 820 3017 mi

246 3043 335 3108 Voa'a
356 3045 392 3107 ia
415 3063 473 3108 ore.

152 3128 279 3214 Lingua
303 3132 359 3195 sed
382 3133 503 3216 torpet,
525 3129 633 3194 tenuia
656 3129 717 3194 suh
740 3131 830 3195 artus

105 3233 137 3283 10
152 3215 299 3281 Flamma
322 3219 492 3305 demanat,
511 3218 619 3284 sonitu
643 3221 757 3302 suopte

151 3305 321 3372 'tintinant
345 3328 437 3371 aures
460 3307 621 3392 geminae,
644 3309 798 3395 teguntur

240 3393 381 3460 Lumina
402 3401 506 3461 noete.
