2384 3848
421 188 469 242 Ill.
488 187 693 244 Lvouurlvs

111 333 199 399 Nam
222 331 308 417 quod
331 331 377 396 ali
400 331 533 397 dederat
554 332 663 397 vitalis
688 333 771 398 atris
795 355 890 398 auras

66 440 99 490 co
115 422 257 488 Volvere
279 421 314 485 in
337 442 392 486 ore
414 420 511 485 licere
534 424 567 486 et
590 421 671 486 caeli
693 422 816 506 templa
838 422 937 506 tueri,

113 511 186 577 Hoc
210 510 282 575 aliis
307 513 377 574 erat
400 509 498 574 exitio
521 510 687 595 letumque
709 511 855 594 parabat.

161 599 246 664 lllud
262 599 298 663 in
315 599 368 663 his
390 599 487 663 rebus
510 598 729 664 miserandum
748 620 946 685 magnopere
963 621 1065 664 unum

115 686 349 753 Aerumnabile
372 689 456 770 erat,
479 686 564 771 quod
587 687 644 751 ubi
667 709 701 752 se
724 689 860 774 quisquc
882 688 1014 753 videbat

112 777 301 862 Inplicitum
323 776 452 859 morbo,
476 775 575 841 morti
599 775 772 841 damnatus
795 781 831 841 ut
854 781 954 860 esset,

66 881 97 933 so
113 866 273 931 Deficiens
297 865 406 930 animo
429 867 554 930 maesto
579 886 651 929 cum
674 865 768 930 corde
791 865 932 950 iacebat,

115 953 243 1019 Funera
264 956 451 1038 respectans
474 953 615 1018 animam
639 953 812 1019 amittebat
833 953 962 1019 ibidem.

114 1042 241 1127 Quippe
263 1042 383 1107 etenim
405 1042 496 1106 nullo
519 1042 692 1106 cessabant
712 1045 861 1127 tempore
885 1043 989 1126 apisci

114 1131 166 1196 Ex
189 1131 263 1196 aliis
287 1130 370 1195 alios
394 1130 480 1195 avidi
504 1131 655 1215 contagia
677 1133 799 1215 morbi,

113 1219 293 1305 Lanigero·
315 1221 484 1303 tamquam
507 1219 646 1303 pecudes
669 1223 703 1284 et
725 1221 844 1286 bucera
866 1221 979 1286 saecla.

66 1325 98 1375 oo
112 1308 214 1394 quue
237 1309 289 1373 vel
310 1308 343 1372 in
368 1308 482 1391 primis
505 1309 693 1373 cumulabat
715 1309 827 1374 funere
850 1308 958 1374 funus.

114 1394 201 1462 Nam
223 1397 416 1481 quicumque
439 1416 515 1461 suos
538 1397 727 1480 fugitabant
749 1398 853 1463 visere
876 1397 917 1462 ad
941 1418 1067 1483 aegros,

114 1484 206 1550 Vitai
227 1485 365 1550 nimium
388 1485 522 1570 cupidos
546 1485 724 1570 mortisque
747 1486 892 1550 timentis

114 1573 275 1638 Poenibat
298 1574 395 1657 paulo
417 1576 495 1657 post
516 1574 604 1657 turpi
627 1577 732 1638 morte
755 1575 918 1659 malaque,
991 1614 993 1618 ι

113 1661 283 1745 Desertae,
308 1663 379 1747 opis
402 1661 558 1746 expertis,
579 1662 704 1727 incuria
727 1665 883 1728 mactans.

66 1765 99 1816 os
119 1749 182 1828 Qui
204 1751 335 1816 fuerant
356 1754 466 1816 autem
488 1753 630 1835 praesto,
653 1751 845 1836 contagibus
869 1751 964 1816 ibant

114 1838 223 1924 Atque
246 1840 369 1923 labore,
393 1839 498 1924 pudor
521 1860 615 1924 quem
638 1843 708 1904 tum
732 1840 870 1924 cogebat
893 1840 984 1905 obire

113 1926 303 2013 Blandaque
326 1929 488 1993 lassorum
511 1949 574 1993 vox
596 1928 699 1993 mixta
721 1950 799 1994 voce
823 1929 992 2012 querellae.

88 2056 92 2063 ·
115 2015 265 2101 Optimus
288 2017 351 2083 hoo
373 2016 431 2082 leti
454 2036 556 2101 genus
581 2035 659 2100 ergo
683 2017 819 2101 quisque
843 2016 983 2082 subibat.

115 2105 310 2170 Incomitata
331 2105 403 2190 rapi
427 2105 603 2170 cernebant
625 2105 741 2169 funera
763 2108 870 2189 vasta,

66 2209 98 2259 10
114 2193 216 2277 Inque
239 2194 311 2258 aliis
335 2193 435 2258 alium
458 2195 615 2279 populum
637 2193 775 2278 sepelire
799 2214 930 2259 suorum

113 2279 298 2348 Oertantes:
321 2283 463 2347 lacrimis
487 2283 565 2348 lassi
587 2283 925 2368 luctuqueredibant:
996 2303 999 2307 ’

114 2369 194 2436 Inde
216 2371 338 2437 bonam
361 2374 487 2456 partem
510 2371 545 2436 in
567 2371 687 2436 lectum
710 2392 855 2436 maerore
878 2370 1048 2437 dabantur.
1135 2436 1138 2442 ,

114 2456 184 2524 Nec
203 2463 333 2544 poterat
346 2460 518 2545 quisquam
532 2460 678 2544 reperiri,
702 2481 798 2545 quem
814 2480 918 2544 neque
932 2460 1066 2525 morbus

113 2545 184 2612 Nec
206 2569 293 2612 mors
316 2569 376 2613 nec
398 2548 504 2613 luctus
527 2550 703 2631 temptaret
724 2551 870 2631 tempore
895 2547 963 2611 tali.

67 2651 101 2701 lo
160 2635 334 2701 Praeterea
356 2636 422 2701 iam
445 2639 560 2719 pastor
583 2640 616 2701 et
639 2635 855 2701 armentarius
880 2636 986 2700 omnis

114 2722 160 2788 Et
180 2725 334 2790 robustus
356 2725 437 2789 item
459 2725 549 2790 curvi
574 2725 757 2791 moderator
780 2725 880 2789 aratri

115 2810 324 2898 Languebat,
347 2813 539 2900 penitusque
563 2836 638 2880 casa
661 2816 814 2878 contrusa
835 2813 986 2878 iacebant

116 2898 264 2984 Corpora
285 2906 480 2986 paupertate
503 2907 536 2968 et
557 2902 670 2967 morbo
695 2901 803 2966 dedita
825 2902 932 2966 morti.

115 2988 285 3055 Exanimis
309 2991 419 3076 pueris
443 3012 540 3076 super
563 2990 748 3056 exanimata
770 2992 942 3073 parentum

66 3092 101 3143 ao
117 3075 264 3163 Corpora
286 3100 534 3163 nonnumquam
580 3100 669 3144 osses
691 3081 843 3161 retroque
866 3077 975 3144 videre

115 3165 277 3233 Matr-ibus
301 3171 334 3232 et
356 3168 504 3251 patribus
527 3101 623 3233 nabes
647 3189 744 3252 super
767 3167 860 3232 edere
882 3167 994 3233 vitam.

72 3337 74 3341 ¹
113 3254 185 3321 Nec
208 3256 377 3322 minimam
400 3260 525 3339 partem
546 3277 583 3320 ex
603 3256 691 3341 agris
709 3256 738 3320 is
757 3277 884 3322 maeror
902 3257 937 3321 in
954 3256 1069 3332 urbem

116 3341 294 3428 confluit,
317 3345 475 3430 languens
498 3366 594 3429 quem
618 3345 756 3410 contulit
779 3346 994 3431 agricolarum

118 3429 221 3517 Oopia
243 3434 440 3498 conveniens
464 3455 503 3498 ex
525 3433 615 3498 omni
638 3432 789 3498 morbida
809 3438 917 3518 parre.
