2384 3848
465 177 498 232 v.
519 177 699 233 clavatus
1049 181 1091 245 81

90 340 125 390 15
140 324 186 388 Te
210 324 289 388 duce
312 322 477 388 Romanos
500 345 678 406 numquam
701 323 858 388 frustrata
882 323 1021 410 Sibylla,

184 411 309 477 Abdita
333 435 415 497 quae
439 412 523 477 senis
547 411 616 475 fata
639 413 726 477 canit
748 412 897 496 pedibus!

140 501 285 586 Phoebe,
309 522 417 566 sacras
440 499 651 566 Messalinum
675 501 744 566 sine
768 505 902 587 tangere
927 502 1056 568 chartas

185 588 295 674 Vatis,
319 590 442 673 etipse
465 611 579 673 precor
602 589 679 674 quid
703 594 800 655 canat
821 592 878 655 illa
901 591 989 657 doce.

140 677 231 744 Haec
254 678 342 743 dedit
354 677 485 744 Aeneae
509 681 626 763 sortes,
649 683 822 762 postquam
847 680 901 744 ille
924 683 1092 764 parentem

91 784 127 832 20
185 767 369 832 Dicituret
336 770 503 850 etraptcs
527 767 719 832 sustinuisse
742 767 856 852 Lares,

140 855 210 922 Nec
233 856 301 921 fore
325 856 476 921 credebat
498 855 650 940 Romam,
673 877 746 920 cum
769 861 912 946 maestus
936 859 1049 923 abt
1002 858 1070 922 alto

186 944 272 1010 Ilion
295 944 445 1009 ardentes
467 945 703 1028 respiceretque
727 945 813 1010 deos.

141 1030 313 1120 (Romulus
338 1037 486 1098 aeternae
510 1032 653 1099 nondum
676 1034 861 1099 firmaverat
884 1034 1024 1098 urbis

91 1146 94 1151 ·
184 1121 329 1207 Moenia,
352 1123 496 1188 consorti
518 1145 585 1188 non
607 1121 787 1187 habitanda
809 1121 926 1207 Reme,

90 1225 126 1275 25
141 1207 242 1275 Sedt
227 1213 304 1275 tunc
327 1212 505 1294 pascebant
527 1211 667 1276 herbosa
689 1210 817 1276 Palatia
840 1233 957 1276 vaccae

186 1298 231 1363 Et
254 1300 388 1364 stabant
410 1300 548 1364 humiles
571 1301 606 1364 in
628 1298 714 1364 Iovis
739 1322 811 1364 arce
835 1322 936 1366 casae.

140 1385 240 1452 Lacte
263 1388 396 1453 madens
420 1388 485 1453 illic
509 1389 642 1452 suberat
663 1386 734 1451 Pan
756 1389 837 1452 ilicis
861 1389 997 1453 umbrae

185 1475 231 1540 Et
253 1476 339 1541 facta
362 1478 484 1561 agresti
506 1478 615 1561 lignea
637 1476 719 1540 falce
742 1476 850 1561 Pales,

140 1563 368 1649 Pendebatque
391 1564 468 1651 v'agi
491 1567 632 1649 pastoris
657 1564 692 1628 in
716 1565 830 1630 arbore
854 1568 979 1651 votum,

91 1669 129 1717 30
189 1651 327 1718 Garrula
349 1654 489 1718 silvestri
512 1654 622 1719 fistula
646 1675 737 1718 sacra
760 1655 834 1738 dec,

139 1740 279 1826 Fistula,
303 1742 354 1807 cui
377 1763 503 1826 semper
525 1743 683 1808 decrescit
706 1705 872 1808 arundiiris
898 1743 992 1808 ordo:

185 1830 271 1897 Nam
296 1832 438 1896 calamus
463 1853 536 1896 cera
558 1833 705 1918 iungitur
727 1854 765 1896 us
768 1855 829 1918 que
853 1832 969 1897 minor.

141 1914 273 2004 Atque
291 1919 426 1985 Velabri
449 1921 539 2004 regio
562 1924 667 2005 petet,
690 1920 736 1984 ire
761 1856 889 1986 solebat

186 2007 333 2092 Exiguus
356 2009 452 2092 pulsa
474 2031 532 2093 per
554 2008 637 2073 vada
658 1970 759 2072 linter
782 2030 875 2093 aqua.

90 2112 127 2161 35
141 2096 205 2160 Illa
228 2118 324 2180 saepe
348 2098 456 2184 gregis
481 2097 541 2162 diti
514 2098 724 2181 tplacitura
747 2097 906 2181 magistro

186 2183 271 2248 Ad
262 2208 412 2251 iuvenem
435 2186 592 2251 festat
542 2190 592 2251 est
614 2190 707 2252 vecta
730 2186 840 2270 puella
863 2185 929 2270 die,

142 2271 224 2339 (lum
247 2296 312 2359 qua
333 2275 463 2340 fecundi
485 2276 651 2340 redierunt
636 2279 807 2341 tmunera
829 2275 928 2358 ruris,

187 2360 365 2428 Oaseust
333 2367 365 2428 et
387 2365 500 2428 niveae
523 2364 678 2429 candidus
703 2385 806 2448 agnus
831 2362 925 2449 ovis.)

142 2449 289 2537 ‘Impiger
310 2450 437 2537 Aenea,
460 2454 629 2518 volitantis
653 2453 755 2517 frater
777 2452 927 2536 Amoris,

91 2556 128 2604 40
187 2539 302 2605 Troica
325 2542 380 2625 qui
403 2541 549 2626 profugis
574 2562 665 2606 sacra
687 2541 777 2606 vehis
800 2541 940 2623 ratibus,

141 2627 212 2692 Iam
235 2628 298 2693 tibi
320 2628 497 2694 Laurentes
522 2630 675 2715 adsignat
697 2629 843 2713 Iuppiter
866 2647 980 2713 agros,

75 2780 79 2787 .
187 2715 257 2781 Iam
280 2721 377 2783 vocat
401 2722 551 2784 errantes.
567 2719 699 2802 hospita
722 2721 810 2782 terra
832 2716 941 2782 Lares.

141 2802 213 2870 I'llic
236 2810 367 2872 sanctus
392 2809 468 2891 eris,
491 2829 564 2873 cum
587 2811 620 2871 te
644 2807 826 2873 veneranda
848 2805 983 2873 Numici

188 2893 287 2959 Vnda
311 2895 405 2960 deum
429 2897 518 2962 caelo
542 2897 667 2961 miserit
689 2896 880 2981 Indigetem.

92 2998 127 3046 45
141 2981 227 3048 Ecce
250 3005 346 3065 super
369 2984 471 3050 fessas
495 2986 613 3050 volitat
636 2984 782 3051 Victoria
804 3004 944 3067 puppes,

188 3070 333 3137 Tandem
358 3073 398 3138 ad
421 3073 579 3139 Troianos
603 3074 677 3138 diva
701 3073 839 3155 superba
861 3071 963 3137 venit.

142 3158 227 3226 Ecce
251 3161 332 3226 mihi
355 3163 464 3227 lucent
485 3161 616 3227 Rutulis
639 3161 788 3226 incendia
811 3162 942 3226 castris:

187 3248 259 3314 lam
281 3250 343 3315 tibi
365 3251 529 3335 praedico,
553 3251 690 3315 barbare
713 3250 837 3335 Turne,
860 3272 983 3316 necem.

143 3335 232 3403 Ante
256 3339 367 3405 oculos
385 3338 531 3405 Laurens
555 3343 696 3404 castrum
715 3361 889 3425 murusque
906 3337 1021 3402 Lavini
1044 3340 1097 3401 est

95 3442 129 3492 ιο
188 3425 337 3513 Albaque
360 3430 402 3494 ab
425 3427 569 3494 Ascanio
593 3428 725 3494 condita
746 3430 845 3513 longa
867 3428 957 3492 duce.
1102 3422 1106 3430 ’

131 3539 234 3591 Eclcgae
248 3545 307 3590 poet.
322 3543 362 3583 lat.
377 3543 410 3583 ed.
420 3543 531 3584 Bessan.
920 3537 937 3584 6
