2384 3848
120 195 197 264 132‘
323 197 397 254 vni
416 196 623 252 nnnrmms
661 194 707 250 rx.
725 196 925 252 rvvnnrms

487 339 664 427 45.(X1v
690 339 763 427 ree)
838 314 842 319 ⁸

558 445 609 501 Cat
596 447 691 501 t.ullus

189 538 331 604 Tantum
353 559 473 626 magna
496 559 553 602 suo
578 537 673 602 debet
695 537 828 602 Verona
852 535 912 602 car
898 537 994 619 tullo,

234 627 397 703 Quantum
420 649 523 713 parva
547 648 606 691 suo
629 626 765 691 Mantua
787 625 943 711 Vergilio,

523 822 736 831 ———--.

382 984 443 1056 IX.
489 988 528 1057 Il.
556 986 674 1058 Iunius
701 987 875 1058 Iuvenalis

123 1118 242 1188 Aquini,
266 1119 296 1174 iu
314 1118 467 1190 municipio
483 1120 660 1188 Volscorum,
683 1122 765 1176 natus
787 1121 837 1176 est.
877 1118 957 1173 Vixit
982 1117 1138 1188 posteriore

125 1209 207 1277 parte
225 1206 309 1277 primi
328 1209 357 1262 ot
373 1207 466 1278 priore
481 1209 596 1263 alterius
614 1226 642 1278 p.
652 1208 714 1262 Chr.
730 1227 757 1265 n.
777 1207 888 1263 saeculi.
917 1200 1023 1262 Romae
1038 1204 1138 1262 studiis

124 1296 194 1351 artis
208 1296 362 1352 rhetoricae
376 1312 406 1352 se
420 1295 511 1363 decia
529 1297 630 1367 postea
642 1313 756 1351 munere
768 1295 879 1350 'tribuni
892 1295 1015 1349 militum
1027 1295 1139 1351 functus

125 1384 155 1438 in
173 1383 293 1454 patriam
313 1402 341 1439 se
360 1383 467 1455 recepit
482 1384 578 1453 ibique
593 1383 629 1439 ad
644 1401 766 1439 summos
781 1385 900 1440 honores
913 1382 1049 1454 pervenit.
1077 1383 1139 1439 Hoc

127 1489 238 1542 qnoque
256 1472 406 1528 memoriae
425 1473 568 1543 proditum
587 1475 641 1542 est,
658 1475 773 1543 poetam
791 1475 907 1544 propter
925 1474 1039 1528 acerbos
1057 1488 1140 1542 qnos-

118 1559 192 1617 ,dam
210 1578 306 1618 versus
324 1562 438 1617 honoris
456 1561 589 1617 militaris
603 1561 715 1617 nomine
729 1561 759 1616 in
775 1555 929 1617 extremam
947 1560 1059 1631 imperii
1075 1578 1140 1630 par·

194 1655 253 1708 tem
271 1653 427 1722 relegatum
445 1668 513 1706 esse.
551 1651 682 1705 Traditus
702 1652 767 1704 sunt
786 1652 897 1705 saturae
916 1649 975 1704 eius
993 1648 1072 1714 XVI„

423 1910 428 1915 ·
473 1881 554 1970 (Sat,
571 1882 620 1947 IV
644 1881 798 1968 37—154.)

199 2006 351 2063 Consilium
369 2006 511 2077 publicum
532 2023 550 2061 a
566 2005 727 2060 Domitiano
747 2004 781 2060 de
800 2005 917 2060 rhombo
934 2003 1073 2059 habitum.

239 2115 321 2182 (lum
347 2117 413 2181 iam
437 2115 665 2181 semianimum
693 2115 851 2179 laceraret
873 2111 1006 2179 Flavius
1030 2114 1143 2180 orbem

193 2204 336 2270 Vltimus
359 2208 392 2268 et
415 2206 505 2269 calvo
530 2203 664 2268 serviret
685 2203 790 2269 Roma
811 2201 948 2286 Neroni,

195 2292 315 2358 Incidit
337 2290 469 2357 Adriaci
492 2292 633 2375 spatium
657 2291 845 2358 admirabile
868 2291 996 2357 rhombi

196 2381 283 2448 Ante
302 2381 433 2446 domum
443 2379 594 2465 Veneris,
612 2402 710 2465 quam
720 2377 843 2445 Dorica
862 2381 1000 2445 sustinet
1013 2379 1145 2462 Ancon,

164 2470 400 2556 olnplevitque
425 2469 527 2536 sinus:
550 2489 609 2534 neo
633 2469 719 2534 enim
742 2468 848 2533 minor
869 2468 1020 2533 haeserat
1042 2468 1123 2552 illis,

197 2559 286 2636 Quos
310 2560 416 2644 operib
439 2559 559 2643 glacies
581 2556 743 2622 Maeotica
765 2562 925 2643 ruptaque
947 2559 1083 2624 tandem

195 2647 324 2714 Solibus
347 2648 483 2712 effundit
503 2646 656 2712 torrentis
680 2645 721 2710 ad
745 2648 829 2712 ostia
851 2646 963 2729 Ponti,

195 2736 328 2801 Desidia
349 2736 462 2801 tardos
485 2738 518 2800 et
539 2735 639 2819 longo
662 2733 783 2820 frigore
805 2735 952 2820 pingues.

199 2824 353 2890 Destinat
374 2824 436 2889 hoc
460 2826 642 2888 monstrum
665 2823 799 2888 cumbae
821 2824 943 2909 linique
966 2824 1125 2907 magister

152 2931 184 2980 10
198 2913 350 2980 Pontifici
373 2935 508 2978 summo.
545 2912 616 2996 quis
639 2913 725 2977 enim
747 2933 928 2997 proponere
951 2911 1051 2977 talem

197 3001 267 3066 Aut
289 3023 394 3067 emere
418 3002 561 3083 auderet,
585 3022 657 3064 cum
680 3001 778 3084 plena
801 3005 834 3065 et
855 3000 953 3066 litora
976 3001 1082 3065 multo

200 3089 298 3154 Delat
283 3093 353 3154 tore
376 3089 505 3156 forent?
542 3051 682 3172 dispersi
704 3089 853 3173 protinus
877 3090 971 3174 algae

196 3177 411 3262 Inquisitores
435 3181 569 3264 agerent
592 3199 664 3242 oum
686 3178 807 3263 remige
830 3176 930 3280 nudo,

198 3265 274 3333 Non
297 3265 474 3332 dubitaturi
497 3266 673 3353 fugitivum
696 3266 801 3332 dicere
823 3267 945 3351 piscem

66 3426 72 3431 ,
153 3371 186 3420 15
200 3354 324 3440 Depast
325 3377 441 3440 umque
464 3356 519 3420 diu
542 3355 666 3421 vivaria
689 3355 851 3438 Caesaris,
873 3355 947 3419 inde

186 3442 355 3528 Elapsum
382 3447 434 3511 vet
435 3465 523 3510 erem
547 3443 588 3509 ad
610 3444 777 3510 dominum
800 3444 915 3509 debere
938 3444 1068 3508 reverti
1102 3507 1105 3511 ,
