2384 3848
437 193 484 248 VI.
504 192 733 249 PROPERTIVS
1030 196 1094 261 107

143 337 314 415 Quaelibet
337 341 481 404 austeras
504 338 543 404 de
566 360 617 403 me
639 339 724 404 ferat
746 361 828 403 urna
850 339 1003 405 tabellas:

91 443 128 493 eo
187 427 326 510 Turpior
349 426 481 492 adsessu
502 448 570 493 non
592 428 653 492 orit
675 428 742 491 ulla
764 449 849 511 meo,

142 514 206 580 Vel
229 518 279 599 tu,
302 537 384 601 quae
407 515 534 580 tardam
557 516 689 582 movisti
711 515 787 580 fune
810 513 981 599 Cybeben,

188 603 337 687 Claudia,
360 603 495 670 turritae
517 627 593 670 rara
616 604 767 669 ministra
789 604 881 687 deae,

144 692 207 758 Vel
231 692 295 776 oui,
319 693 508 758 commissos
532 715 605 758 oum
623 692 726 758 Vesta
748 696 933 777 reposceret
954 694 1059 778 ignes,

186 779 347 845 Exhibuit
368 781 459 846 vivos
484 782 637 847 carbasus
661 781 736 845 alba
759 782 857 846 focos.

93 885 129 935 oo
143 867 213 934 Nec
235 871 282 952 te,
305 869 396 933 dulce
420 873 530 954 caput,
554 873 659 935 mater
682 867 864 953 Scribonia,
887 870 983 934 laesi:

187 956 228 1021 In
251 979 302 1021 me
326 960 487 1022 mutatum
511 959 588 1043 quid
610 959 676 1024 nisi
698 959 767 1022 fata
789 957 891 1022 velis?

142 1045 301 1110 Maternis
324 1046 439 1111 laudor
461 1047 603 1111 lacrimis
627 1047 779 1131 urbisque
803 1046 968 1131 querellis,

188 1133 331 1199 Defensa
355 1137 388 1199 et
411 1137 533 1220 gemitu
558 1134 706 1201 Caesaris
730 1157 807 1200 ossa
829 1157 909 1200 mea.

144 1222 205 1286 Ille
230 1245 288 1287 sua
310 1226 389 1288 nata
412 1223 547 1309 dignam
570 1225 690 1290 vixisse
714 1244 857 1288 sororem

93 1327 130 1376 60
189 1310 355 1395 Increpat,
379 1315 411 1376 et
433 1312 585 1377 lacrimas
608 1313 747 1378 vidimus
771 1313 818 1376 ire
841 1311 910 1376 deo.
961 1333 963 1338 ·

143 1398 188 1463 Et
211 1403 321 1464 tamen
344 1401 466 1465 emenii
489 1421 665 1486 generosos
689 1400 790 1466 vestis
812 1398 967 1482 honores,

186 1486 255 1554 Nec
279 1510 351 1553 mea
375 1489 414 1554 de
437 1490 539 1553 sterili
562 1490 649 1554 faeta
671 1489 786 1571 rapina
809 1487 913 1552 domo.

142 1575 204 1658 Tu,
223 1575 356 1660 Lepide,
375 1580 408 1641 et
426 1580 462 1642 tu
467 1627 476 1662 ‚
495 1577 620 1663 Paullo,
638 1599 745 1642 meum
759 1579 836 1660 post
848 1575 917 1640 fata
930 1576 1093 1660 levamen,

189 1661 331 1730 Condita
355 1670 432 1731 sunt
455 1669 563 1731 vestro
587 1667 713 1732 lumina
736 1668 848 1731 nostra
872 1664 954 1730 sinu.

92 1768 130 1818 65
145 1751 295 1818 Vidimus
320 1758 353 1818 et
373 1754 507 1819 fratrem
531 1755 644 1820 sellam
668 1755 850 1840 geminasse
874 1753 1031 1836 curulem3

189 1840 311 1907 Oonsul
335 1863 398 1927 quo
422 1843 527 1907 factus
550 1847 709 1928 tempore,
732 1846 827 1927 rapta
850 1862 949 1906 soror.

144 1929 240 2014 Filia,
262 1934 299 1994 tu
322 1931 485 2014 specimen
508 1953 662 1996 censurae
684 1935 763 1996 nata
785 1934 953 2015 paternae,

188 2017 253 2082 Fae
275 2021 389 2084 teneas
412 2041 514 2083 unum
535 2041 594 2084 nos
620 2020 749 2084 imitata
771 2020 890 2098 virum,

143 2105 188 2170 Et
211 2107 293 2171 serie
316 2106 427 2172 fulcite
451 2127 565 2192 genus:
589 2107 670 2172 mihi
694 2107 810 2190 cymba
831 2106 953 2170 volenti
1001 2115 1003 2122 '

89 2210 129 2259 ἰο
188 2191 332 2260 Solvitur
356 2197 498 2260 aucturis
522 2199 573 2262 tot
596 2219 670 2261 mea
691 2197 762 2261 fata
783 2194 873 2259 meis.

142 2281 233 2346 Haeo
256 2286 306 2347 est
328 2283 459 2348 feminei
483 2306 605 2350 merces
630 2288 774 2349 extrema
796 2282 966 2367 triumphi,

187 2370 315 2436 Laudat
337 2372 392 2436 ubi
416 2373 586 2437 emeritum
609 2373 712 2439 libera
735 2373 823 2437 fama
845 2390 971 2455 rogum.

143 2458 239 2524 Nunc
261 2460 323 2524 tibi
346 2461 535 2526 commendo
554 2462 744 2527 ⁴communia
766 2461 904 2545 pignora
925 2465 1035 2523 natos:

188 2546 278 2613 Haec
301 2569 379 2613 cura
402 2551 435 2613 et
458 2549 558 2614 cineri
582 2549 687 2633 spirat
708 2549 819 2613 inusta
842 2568 923 2611 meo.

91 2651 130 2700 75
144 2634 294 2722 Fungere
318 2637 473 2702 maternis
496 2638 634 2722 vicibus,
657 2639 761 2721 pater:
785 2637 843 2700 illa
864 2655 1009 2700 meorum

102 2765 104 2768 -
190 2723 304 2789 Omnis
328 2726 389 2790 erit
413 2726 498 2794 collo
521 2727 619 2790 turba
641 2725 782 2791 fovenda
804 2727 871 2790 tuo.

90 2837 93 2840 ⁴
143 2811 263 2878 Oscula
286 2834 359 2879 oum
383 2814 507 2878 dederis
530 2817 587 2879 tua
609 2814 776 2899 flentibus,
800 2812 889 2878 adioe
912 2812 1041 2876 matris:

187 2901 272 2967 Tota
295 2902 409 2967 domus
434 2903 541 2986 coepit
561 2924 648 2968 nunc
672 2923 754 2967 onus
778 2924 848 2967 esse
871 2904 972 2965 tuum.

99 3048 108 3056 ,
142 2988 187 3053 Flt
210 2990 238 3054 si
261 2990 339 3076 quid
363 2990 522 3056 doliturus
547 2991 625 3076 eris,
649 2992 719 3056 sine
742 2990 880 3056 testibus
903 2989 981 3053 illisl

90 3094 127 3144 80
187 3076 268 3143 (ium
291 3079 436 3162 venient,
461 3079 554 3144 siccis
578 3081 690 3145 oscula
713 3080 790 3144 falle
813 3076 919 3162 genis!

143 3163 201 3231 Sat
229 3166 291 3230 tibi
315 3167 382 3232 sint
403 3170 532 3250 noctes,
554 3189 635 3252 quas
660 3169 698 3232 de
721 3190 787 3252 me,
809 3166 935 3250 Paulle,
962 3166 1095 3249 fatiges,
1161 3188 1164 3193 ·

189 3254 385 3341 Somniaque
408 3256 442 3320 in
465 3256 580 3320 faciem
604 3257 725 3321 credita
749 3278 845 3341 saepe
868 3277 987 3320 meam:

142 3342 250 3427 Atque
273 3344 330 3408 ubi
353 3348 476 3410 secreto
500 3346 613 3408 nostra
636 3345 677 3409 ad
701 3346 875 3411 simulacra
897 3343 1051 3428 loqueris,

187 3431 235 3497 Vt
257 3454 473 3516 responsurae
497 3433 625 3518 singula
649 3433 747 3498 verba
770 3434 849 3500 iace.
