2384 3848
464 199 513 256 ΙΙΙ.
531 197 733 256 LVGRETIVS
1060 196 1102 260 21

156 344 342 430 Numquam
366 344 562 429 Tyndaridis
584 345 708 410 formae
732 343 889 409 conflatus
913 365 1023 408 amore

156 434 263 520 Ignis,
286 433 463 498 Alexandri
484 432 627 518 Phrygio
653 434 712 498 sub
734 435 864 516 pectore
888 433 1043 518 gliscens,
1175 478 1176 482 ,

86 522 253 590 46001ara
276 522 476 588 accendisset
498 523 587 587 saevi
610 522 789 586 certamina
810 521 902 605 belli,

158 610 227 678 Nec
251 612 335 676 clam
360 610 512 675 durateus
536 609 684 675 Troianis
708 610 869 695 Pergama
891 612 987 693 partu

157 699 400 766 Inflammasset
422 721 522 784 equus
544 702 702 764 nocturno
727 697 997 782 Graiugenarum3

158 788 343 872 Perspicere
366 791 403 852 ut
425 787 532 870 possis
554 809 606 851 res
630 791 739 872 gestas
763 785 909 851 funditus
933 786 1039 852 omnis

158 876 235 943 Non
257 878 305 941 ita
327 877 375 941 uti
399 897 515 958 corpus
538 897 596 960 per
621 897 654 940 se
678 879 828 940 constare
855 895 957 958 neque
981 895 1064 959 esse,

88 981 144 1032 465
159 964 228 1031 Nec
251 965 384 1030 ratione,
401 965 506 1029 cluere
529 962 641 1028 eadem
663 985 727 1048 qua
751 966 878 1029 constet
901 965 1010 1048 inane,

160 1052 223 1119 Sed
245 1053 351 1136 magis
374 1056 412 1116 ut
433 1053 549 1117 merito
573 1051 679 1136 possis
704 1056 826 1125 eventa
842 1073 957 1117 vocare

159 1140 328 1226 Corporis,
351 1145 448 1225 atque
470 1141 549 1225 loci,
571 1162 623 1206 res
643 1141 759 1226 inquo
779 1162 924 1226 quaeque
943 1144 1108 1226 gerantur.

410 1301 440 1365 2.
473 1297 591 1385 (Liui
615 1298 788 1385 oca-oso.)

88 1405 180 1460 Poeta
197 1421 275 1474 spem
292 1404 418 1460 declarat
437 1421 466 1459 se
485 1403 643 1460 doctrinam
662 1404 776 1474 Epicuri
790 1404 912 1459 carmine
925 1403 1106 1458 inlustratam

449 1492 540 1548 amico
558 1491 750 1562 probaturum.

160 1583 325 1648 Percussit
346 1583 462 1668 thyrso
485 1583 591 1649 laudis
615 1604 687 1667 spes
711 1603 831 1668 magna
853 1604 961 1650 meum
985 1604 1040 1648 cor

158 1671 204 1737 Et
226 1672 323 1736 simul
345 1672 481 1739 incussit
505 1693 636 1737 suavem
659 1672 705 1736 mi
728 1673 762 1737 in
784 1675 897 1755 pectus
922 1693 1064 1737 amorem

158 1759 341 1845 Musarum,
364 1783 427 1845 quo
452 1782 536 1826 nunc
559 1761 732 1827 instinctus
755 1764 863 1826 mente
887 1761 1010 1846 vigenti

161 1848 245 1914 Avia
268 1848 433 1915 Pieridum
455 1870 593 1935 peragro
616 1850 689 1915 loca
711 1849 832 1915 nullius
857 1853 932 1914 ante

129 1936 254 2002 oTrita
277 1939 356 2004 solo.
392 1939 484 2003 iuvat
506 1939 650 2023 integros
674 1938 823 2003 accedere
847 1937 948 2003 fontis

158 2025 266 2111 Atque
289 2027 432 2110 haurire,
454 2028 607 2111 iuvatque
629 2047 732 2091 novos
756 2026 926 2110 decerpere
949 2025 1044 2090 flores
1165 2067 1167 2070 -

159 2113 387 2200 insignemque
411 2137 483 2181 meo
508 2115 607 2199 capiti
629 2117 740 2198 petere
763 2115 838 2179 inde
862 2136 1030 2199 coronam,

162 2201 257 2268 Vnde
280 2203 371 2288 prius
394 2204 477 2268 nulli
501 2204 638 2269 velarint
660 2208 809 2287 tempora
831 2203 958 2287 Musae,

159 2291 305 2357 Primum
329 2292 415 2378 quod
437 2293 565 2377 magnis
589 2292 688 2358 doceo
712 2292 870 2357 derebus
894 2296 927 2357 et
950 2292 1029 2356 artis

109 2396 145 2446 10
159 2379 367 2464 Religionum
391 2381 534 2446 animum
556 2380 650 2446 nodis
674 2381 837 2446 exsolvere
860 2401 971 2466 pergo,

159 2466 283 2533 Deinde
306 2469 392 2554 quod
415 2470 563 2534 obscura
576 2469 615 2533 de
636 2490 671 2533 re
693 2472 763 2533 tam
786 2469 892 2533 lucida
914 2488 1023 2552 pango

161 2554 326 2642 Carmina,
349 2557 482 2622 Musaeo
506 2557 698 2642 contingens
722 2560 838 2622 cuncta
860 2557 979 2639 lepore.

160 2644 199 2709 Id
222 2667 349 2730 quoque
372 2647 458 2712 enim
482 2668 549 2711 non
572 2646 613 2710 ab
636 2645 728 2710 nulla
750 2645 876 2710 ratione
899 2643 1041 2708 videtur:

161 2731 223 2798 Sed
248 2735 349 2799 veluti
371 2735 478 2818 pueris
503 2734 667 2799 absinthia
690 2738 796 2800 taetra
818 2732 983 2798 medentes

111 2837 144 2886 15
159 2819 242 2888 Oum
266 2822 342 2888 dare
366 2826 541 2905 conantur,
554 2823 644 2906 prius
668 2831 764 2908 oras,
779 2823 895 2907 pocula
918 2823 1051 2907 circum,

159 2908 365 2996 Contingunt
387 2911 492 2976 mellis
516 2911 601 2976 dulci
623 2911 770 2996 flavoque
792 2911 932 2996 liquore,

159 2997 205 3064 Vt
227 3021 401 3082 puerorum
425 3003 513 3066 aetas
537 2999 708 3083 inprovida
730 2999 914 3064 ludificetur

158 3087 340 3153 Labrorum
363 3093 472 3170 tenus,
494 3089 618 3153 interea
640 3092 791 3172 perpotet
813 3110 959 3153 amarum

157 3175 315 3241 Absinthi
337 3177 479 3261 laticem,
502 3177 700 3261 deceptaque
722 3199 789 3242 non
812 3178 968 3262 capiatur,

108 3279 144 3329 20
160 3262 223 3329 Sed
246 3266 355 3348 potius
378 3267 439 3331 tali
461 3268 557 3350 pacto
581 3269 726 3331 recreata
748 3266 904 3350 valescat,

161 3349 213 3417 Sic
227 3372 289 3438 ego
302 3376 404 3438 nunc,
418 3354 572 3440 qnoniam
585 3353 666 3420 haec
680 3355 764 3420 ratio
778 3356 965 3439 plerumque
980 3353 1108 3417 videtur

160 3439 299 3508 Tristior
322 3463 392 3509 esse
416 3444 533 3528 quibus
556 3464 623 3509 non
646 3447 696 3510 est
718 3447 870 3544 tractata,
891 3446 1041 3526 retroque
