2384 3848
440 173 487 228 III.
506 173 711 232 LVORETIVS
1039 175 1081 240 31

128 320 298 406 Numquid
320 319 367 385 ibi
390 319 546 385 horribile
571 323 717 405 apparet,
739 342 818 386 num
837 320 931 386 triste
954 320 1083 387 videtur

130 409 324 495 Quicquam,
346 430 413 475 non
436 409 525 499 omni
548 430 662 475 somno
687 409 829 475 securius
853 409 980 474 exstat?

56 587 110 656 III
174 587 281 672 Atque
306 609 359 670 01,
382 587 548 670 nimirum,
575 607 835 671 quaecumque
858 587 1081 652 Acherunte

788 674 1001 761 profundo

60 782 113 833 100
128 764 290 831 Prodita
312 767 402 830 sunt
424 784 523 847 esse,
545 764 584 828 in
602 765 685 828 vita
703 767 794 829 sunt
811 765 940 830 omnia
956 764 1080 831 nobis.

126 853 197 921 Nec
219 852 318 918 miser
339 851 517 936 inpendens
539 873 696 938 magnum
719 853 814 918 timet
837 858 909 918 aere
934 874 1048 918 saxum

127 941 299 1026 Tantalus,
321 944 358 1023 ut
380 941 469 1006 fama
491 944 553 1024 est,
577 962 669 1006 cassa
691 941 862 1006 formidine
885 947 1034 1024 torpens:

127 1029 192 1097 Sed
213 1030 319 1116 magis
341 1030 377 1094 in
399 1029 468 1095 vita
490 1030 600 1095 divum
622 1034 728 1096 metus
750 1036 847 1116 urget
868 1031 974 1096 inanis

13 1112 19 1123 “
124 1118 291 1204 Mortalis,
314 1140 488 1202 casumque
510 1120 628 1184 timent
650 1141 745 1203 quem
765 1119 880 1204 cuique
897 1119 983 1185 ferat
1000 1119 1079 1185 fors.

59 1224 110 1275 100
124 1208 195 1276 Νο0
218 1206 340 1292 Tityon
361 1207 507 1291 volucres
529 1207 643 1272 ineunt
665 1207 850 1273 Acherunte
873 1209 1047 1293 iacentem,

124 1297 195 1364 Nec
213 1296 299 1381 quod
322 1296 382 1361 sub
406 1316 525 1381 magno
550 1300 734 1362 scrutentur
754 1299 884 1380 pectore
903 1297 1078 1383 quicquam

123 1386 321 1468 Perpetuam
345 1388 486 1450 aetatem
508 1388 646 1469 possunt
668 1385 809 1469 reperire
831 1387 988 1469 profecto.

125 1473 313 1551 Quamlibet
335 1473 470 1539 immani
493 1474 639 1557 proiectu
662 1474 806 1558 corporis
830 1477 947 1557 exstet,

125 1562 191 1640 Qui
212 1584 279 1627 non
302 1562 371 1628 sola
394 1583 510 1627 novem
534 1562 687 1646 dispessis
710 1562 824 1646 iugera
846 1562 1000 1627 membris

59 1668 112 1719 100
127 1650 297 1735 0111111011,
321 1651 377 1715 sed
400 1651 456 1735 qui
477 1651 577 1715 terrai
599 1650 700 1715 totius
725 1651 849 1734 orbem,

123 1737 202 1806 Non
224 1743 334 1805 tamen
358 1743 525 1804 aeternum
549 1739 669 1823 poterit
691 1739 831 1823 perferre
855 1739 1000 1804 dolorem

122 1826 194 1894 Nee
216 1828 372 1912 praebere
397 1827 503 1893 cibum
525 1828 656 1913 proprio
681 1828 877 1912 decerpere
901 1849 1038 1912 semper.

125 1915 189 1983 Sed
212 1915 327 2001 Tityos
350 1917 446 1981 nobis
469 1916 523 1981 hic
546 1918 610 2000 est,
632 1917 667 1980 in
691 1938 799 1981 amore
822 1917 980 1981 iacentem

125 2005 229 2083 Quem
253 2005 398 2070 volucres
420 2005 565 2070 lacerant
588 2009 684 2089 atque
708 2008 797 2069 exest
820 2004 934 2068 anxius
959 2024 1064 2090 angor

55 2109 108 2161 100
124 2093 194 2160 Aut
217 2093 282 2159 alia
304 2093 418 2179 quavis
441 2093 591 2159 scindunt
614 2093 793 2177 cuppedine
816 2113 919 2157 curae.

125 2179 287 2268 Sisyphus
309 2183 345 2247 in
367 2183 435 2247 vitu
458 2204 584 2267 quoque
606 2183 702 2247 nobis
726 2184 802 2247 ante
826 2182 935 2247 oculos
951 2184 1024 2267 est,

125 2270 189 2348 Qui
211 2274 321 2356 petere
345 2293 365 2336 a
387 2271 508 2357 populo
532 2271 637 2337 fasces
660 2292 836 2356 saevasque
859 2291 986 2335 secures

125 2359 265 2443 Inbibit,
287 2362 320 2423 et
343 2381 471 2444 semper
493 2360 598 2425 victus
620 2360 789 2444 tristisque
811 2359 941 2425 recedit.

124 2446 213 2513 Nam
239 2451 349 2533 petere
377 2448 563 2533 imperium,
596 2448 682 2532 quod
704 2449 800 2513 inane
824 2451 956 2513 estnec
980 2448 1076 2513 datur

103 2584 108 2591 -
863 2557 1030 2620 umquam,

53 2641 109 2692 110
126 2626 236 2710 Atque
258 2626 294 2690 in
317 2645 354 2691 00
379 2646 505 2710 semper
529 2626 644 2690 durum
668 2623 798 2688 sufferre
821 2623 980 2707 laborem,

122 2713 196 2779 Hoc
219 2717 269 2779 est
292 2713 428 2778 adverso
451 2715 617 2779 nixantem
640 2713 768 2779 trudere
791 2715 901 2776 monte

124 2800 258 2887 Saxum,
282 2801 367 2887 quod
390 2805 501 2868 temen
525 2824 692 2868 esummo
714 2803 780 2867 iam
798 2801 917 2867 vertice
940 2822 1052 2866 rusum

122 2890 278 2957 Volvitur
300 2893 334 2955 et
355 2891 446 2976 plani
469 2892 589 2974 raptim
612 2891 696 2976 petit
719 2911 858 2975 aequora
881 2890 996 2973 campi.

122 2978 247 3046 Deinde
270 2979 372 3044 animi
394 2981 559 3064 ingratam
581 2983 733 3046 naturum
755 2999 886 3063 pascere
911 3000 1038 3062 semper

51 3084 106 3135 115
125 3067 235 3154 Atque
259 3068 387 3152 explere
410 3067 506 3134 bonis
528 3070 626 3134 rebus
650 3069 831 3152 satiareque
854 3088 1046 3153 numquam,

122 3156 217 3234 Quod
240 3156 367 3222 faciunt
387 3157 483 3222 nobis
507 3178 665 3222 annorum
688 3161 850 3241 tempora,
874 3156 994 3222 circum

35 3261 38 3265 ’
123 3242 207 3310 Oum
230 3245 379 3330 redeunt,
401 3247 550 3332 fetusque
573 3246 682 3311 ferunt
705 3246 874 3330 variosque
898 3247 1038 3330 lepores,

121 3333 191 3400 Nee
214 3337 326 3400 tamen
349 3335 514 3420 explemur
535 3334 616 3400 vitai
637 3335 796 3400 fructibus
820 3356 990 3419 umquam,

122 3421 211 3508 Hoc,
232 3426 270 3490 ut
293 3423 424 3509 opinor,
439 3424 473 3489 id
496 3426 559 3510 est,
583 3444 662 3489 1010
686 3423 820 3490 florente
842 3423 966 3508 puellas
