2384 3848
432 201 480 256 llI.
500 199 706 257 LVCRETIVS
1031 200 1073 264 51

123 347 170 417 llt
191 369 277 413 nova
300 346 449 413 defodere
471 347 507 412 in
529 349 650 411 terram
673 346 818 430 virgulta
840 367 899 430 per
922 367 1029 432 agros.

123 437 206 504 Inde
228 436 329 502 aliam
352 440 449 521 atque
472 435 570 500 aliam
593 436 754 500 culturam
778 434 879 499 dulcis
903 435 1001 521 agelli

124 526 356 611 Temptahant,
383 524 570 610 fructusque
597 524 685 589 feros
708 545 931 590 mansuescere
953 527 1075 589 terram

57 631 109 684 575
124 613 310 682 Oemcbant
331 612 527 698 indulgendo
550 612 731 697 blandeque
755 612 899 677 colendo.

124 703 227 789 Inque
251 702 319 767 dies
341 703 447 787 magis
469 703 503 768 in
527 707 672 767 montem
696 701 864 766 succedere
888 702 986 767 silvas

126 790 298 878 Cogebant
319 791 468 876 infraque
491 791 598 856 locum
622 790 795 855 concedere
819 791 931 874 cultis,

127 881 228 947 Prata
250 882 340 946 lacus
362 880 449 945 rivos
474 883 600 964 segetes
623 879 793 963 vinetaque
817 879 904 942 laeta

128 968 277 1036 Collibus
300 973 333 1033 et
355 969 477 1052 campis
501 971 538 1032 ut
558 967 731 1051 haberent,
754 971 852 1052 atque
875 967 1020 1032 olearum
1118 1037 1120 1041 Α

58 1075 113 1126 oco
129 1056 268 1125 Caerula
291 1057 496 1142 distinguens
519 1057 603 1120 inter
625 1056 724 1141 plaga
747 1076 874 1120 currere
897 1058 1011 1140 posset

127 1146 191 1212 Per
213 1146 355 1211 tumulos
380 1149 413 1210 et
436 1145 594 1210 convallis
618 1165 814 1229 camposque
837 1144 984 1230 profusa3

127 1234 176 1302 Vt
196 1257 283 1301 nunc
306 1255 375 1299 esse
397 1234 487 1298 vides
510 1234 599 1298 vario
623 1233 778 1299 distincta
799 1233 908 1317 lepore

129 1323 259 1408 Omnia,
283 1344 366 1408 quaa
389 1323 494 1407 pomis
517 1322 667 1388 intersita
690 1322 838 1387 dulcibus
862 1325 983 1387 ornant
1031 1332 1034 1339 ’

129 1411 348 1497 Arbustisquc
371 1414 484 1476 tenent
505 1410 652 1476 felicibus
677 1410 784 1476 obsita
807 1410 935 1475 circum.

59 1589 126 1656 VH
175 1586 185 1676 Η
202 1587 249 1653 Α5
270 1588 410 1674 liquidas
433 1589 544 1652 avium
566 1608 661 1653 voces
683 1588 842 1654 imitarier
864 1609 920 1653 ore

60 1695 114 1746 555
129 1676 218 1743 Ante
239 1677 304 1742 fuit
324 1676 443 1760 multo,
466 1697 562 1760 quam
585 1677 672 1742 levia
694 1679 867 1743 carmina
889 1680 987 1742 cantu

131 1764 365 1833 concelebrare
387 1764 536 1830 homines
559 1768 695 1850 possent
718 1767 870 1851 aurisque
892 1766 1014 1831 iuvare.

131 1854 183 1922 Et
199 1855 351 1939 zephyri,
374 1875 454 1919 cara
475 1875 534 1938 per
556 1855 766 1938 calamorum,
791 1855 886 1920 sibila
908 1855 1049 1939 primum

132 1943 283 2045 Agrestis
307 1942 444 2008 docuere
467 1963 564 2007 cavas
586 1942 700 2007 inflare
723 1904 856 2008 cidutas

63 2049 118 2099 550
131 2031 212 2098 Inde
234 2031 422 2096 minutatim
447 2029 550 2095 dulcis
574 2030 713 2095 didicere
737 2032 912 2116 querellas,

131 2120 227 2186 Tibia
250 2141 331 2205 quas
346 2119 461 2185 fimdit
484 2118 595 2204 digitis
619 2119 748 2204 pulsata
771 2123 957 2205 canentum,

132 2208 217 2275 Aria
238 2230 296 2293 per
318 2229 454 2273 nemora
477 2229 514 2272 ac
538 2208 636 2273 silvas
661 2210 828 2294 saltusque
849 2213 993 2294 reperta,

131 2297 195 2362 Per
217 2298 289 2362 loca
310 2301 480 2381 pastorum
503 2297 631 2370 deserta
654 2301 752 2381 atque
774 2299 842 2363 otia
865 2298 926 2363 dia.

131 2385 222 2451 Haec
244 2386 369 2451 animos
392 2385 467 2451 ollis
490 2385 676 2459 mulcebant
697 2392 794 2471 atque
817 2387 974 2451 iuvabant

64 2490 117 2541 555
133 2471 215 2540 Cum
238 2474 356 2539 satiate
379 2474 457 2540 cihi.
479 2495 556 2538 nam
578 2477 648 2538 tum
673 2477 750 2538 sunt
772 2474 917 2543 carmina
940 2475 1037 2541 cordi

134 2561 239 2647 Saepe
261 2562 403 2648 itaque
393 2565 480 2627 mter
503 2583 538 2627 55
560 2583 636 2647 pros
637 2563 748 2626 trati'
739 2584 773 2626 m
796 2562 942 2648 gramine
966 2563 1058 2630 molli

132 2651 270 2739 Propter
292 2673 395 2737 aquae
418 2651 523 2716 rivum
547 2651 607 2716 sub
630 2650 730 2716 ramis
753 2652 879 2717 arboris
902 2650 949 2716 alt
935 2654 988 2716 tae

132 2737 210 2809 Non
233 2741 360 2826 magnis
384 2740 501 2824 opibus
524 2738 663 2805 iucunde
687 2760 823 2824 corpora
845 2739 1025 2824 habebant,

132 2827 329 2895 Rraoscrtim
352 2850 425 2894 cum
447 2832 588 2914 tempest
589 2851 624 2894 55
573 2829 776 2894 tridebat
799 2832 832 2893 at
854 2829 931 2893 anni

65 2933 119 2984 coo
133 2916 296 3002 Tempora
317 2918 498 3003 pingebant
520 2918 671 2982 viridant
647 2921 690 2982 5ι5
713 2917 846 2983 floribus
869 2917 996 2982 herbas.

133 3005 217 3073 Tum
239 3006 325 3090 ioca,
347 3009 418 3072 tum
441 3027 561 3091 sermo,
585 3010 654 3070 tum
678 3007 787 3071 dulces
811 3027 881 3070 esse
904 3006 1053 3072 cachinni

134 3092 346 3160 (leuauerant.
383 3095 520 3180 agrestis
544 3094 628 3161 enim
652 3098 722 3158 tum
745 3117 839 3159 musa
861 3095 1007 3181 vigebat:

132 3183 215 3248 Tum
239 3187 337 3267 caput
360 3188 457 3269 atque
479 3204 607 3248 umeros
631 3183 735 3267 plexis
758 3184 908 3249 redimire
931 3185 1060 3250 coronis

132 3269 285 3338 Floribus
309 3276 341 3337 et
363 3272 450 3339 foliis
473 3271 610 3337 lascivia
632 3272 719 3337 laeta
742 3274 912 3357 monebat,

65 3374 119 3426 555
138 3360 246 3445 Atque
265 3365 357 3427 extra
374 3382 545 3425 numerum
563 3360 736 3445 procedere
755 3362 901 3427 membra
919 3362 1085 3426 moventes

134 3446 269 3515 Duriter
291 3453 325 3514 et
346 3450 426 3516 duro
449 3454 569 3515 terram
592 3450 672 3535 pede
694 3451 815 3534 pellere
838 3453 988 3534 matrem3

887 3552 924 3605 4*
