2384 3848
32 3522 43 3601 l

92 214 136 280 70
484 217 517 271 V.
538 216 716 272 TIBVLLVS

158 358 256 445 Agna
277 360 372 426 cadet
393 362 501 446 vobis,
525 384 624 448 quam
647 363 767 426 circum
788 362 912 426 rustica
935 363 1039 447 pubes

203 448 330 516 Clamet
354 450 402 516 ‘ic
425 471 548 516 messes
570 455 605 515 et
626 452 713 516 bona
735 450 811 515 vinc
834 450 934 516 date'.

108 552 142 603 ao
156 537 227 603 Iam
250 538 361 622 modo,
382 540 449 603 iam
471 540 595 623 possim
619 541 789 605 contentus
811 540 921 605 vivere
943 561 1047 625 parvo

201 625 271 693 Neo
294 649 422 712 semper
443 629 562 713 longae
585 627 713 694 deditus
738 648 807 692 esse
829 628 916 712 viae,

66 724 70 735 '
159 713 221 781 Sed
245 715 342 782 Oanis
365 719 507 782 aestivos
530 720 620 783 ortus
643 717 747 783 vitare
771 717 831 781 sub
854 718 970 783 umbra

201 804 338 871 Arboris
362 805 403 870 ad
425 807 512 871 rivos
534 805 769 891 praetereuntis
793 825 904 889 aquae.

157 891 226 958 Nec
248 897 358 960 tarum
381 894 542 960 interdum
565 894 686 980 pudeat
707 893 851 959 tenuisse
874 893 1024 960 bidentes

108 997 143 1046 30
201 982 270 1047 Aut
293 983 423 1048 stimulo
446 984 558 1048 tardos
581 982 781 1067 increpuisse
804 982 918 1065 boves,

158 1068 235 1135 Non
258 1092 418 1156 agnamve
443 1072 515 1137 sinu
537 1073 649 1157 pigeat
670 1071 814 1136 fetumve
837 1071 982 1154 capellae

201 1157 374 1225 Desertum
397 1161 500 1225 oblita
522 1165 627 1225 matre
650 1158 769 1224 referre
794 1159 933 1224 demum.

156 1245 201 1311 At
223 1269 282 1312 vos
305 1249 421 1333 exiguo
443 1249 565 1332 pecori,
588 1249 738 1333 furesque
760 1248 905 1331 lupique,

199 1335 342 1401 Parcite:
366 1338 403 1402 de
427 1357 546 1422 magno
571 1341 621 1403 est
643 1337 764 1421 praeda
785 1337 924 1420 petenda
947 1357 1057 1424 grege.

107 1438 142 1488 35
156 1423 218 1490 Hic
242 1446 303 1510 ego
326 1429 553 1510 pastoremque
576 1447 683 1491 meum
705 1426 844 1490 lustrare
869 1427 1045 1509 quotannis

199 1513 245 1578 nt
267 1514 429 1598 placidam
451 1515 541 1580 soleo
565 1534 717 1599 spargere
739 1514 824 1578 lacte
845 1511 965 1579 Palem

155 1600 296 1687 Adsitir,
320 1603 398 1686 divi,
420 1624 481 1668 neo
502 1624 561 1668 vos
585 1605 623 1668 de
646 1623 788 1687 paupere
811 1622 924 1667 mensa

201 1690 296 1755 Dona
318 1711 377 1756 neo
400 1712 418 1756 e
440 1692 531 1775 puris
554 1693 696 1775 spernite
717 1689 883 1756 fictilibus.

155 1777 281 1843 Fictilia
304 1779 457 1864 antiquus
480 1780 620 1865 primum
643 1780 707 1846 sibi
727 1779 806 1844 fecit
825 1779 966 1864 agrestis

106 1881 140 1931 40
200 1865 334 1951 Pocula,
357 1868 396 1932 de
418 1868 508 1933 facili
532 1870 776 1954 composuitque
798 1868 877 1933 luto.

155 1953 230 2021 Non
255 1976 315 2042 ego
339 1955 470 2022 divitias
492 1961 623 2042 patrum
644 1958 832 2040 fructusque
855 1955 999 2041 requiro,

199 2043 287 2120 Quos
309 2045 388 2110 tulit
411 2047 544 2131 antiquo
568 2047 698 2112 condita
719 2045 834 2111 mensis
857 2065 934 2110 avo:

154 2131 260 2197 Parva
281 2153 376 2218 seges
398 2135 479 2199 satis
503 2138 566 2216 est,
589 2136 668 2200 satis
690 2140 742 2200 est
763 2133 963 2217 requiescere
986 2133 1086 2218 lecto,

201 2218 236 2285 Si
257 2221 346 2306 licet,
370 2224 403 2286 et
425 2222 521 2288 solito
536 2223 691 2288 'membra
713 2225 820 2290 levare
842 2224 926 2287 toro.

105 2323 140 2374 45
153 2307 226 2375 Hoc
249 2309 330 2375 mihi
353 2310 535 2397 contingat:
560 2313 604 2376 sit
627 2313 715 2378 dives
739 2312 821 2394 iure,
845 2309 988 2375 furorem

199 2396 261 2473 Qui
284 2400 383 2464 maris
407 2403 440 2464 et
461 2401 573 2466 tristes
595 2400 679 2465 ferre
700 2403 811 2485 potest
832 2399 969 2483 pluvias

154 2483 182 2552 Ο
206 2492 363 2572 quantum
386 2492 436 2554 est
457 2489 528 2554 auri
550 2493 662 2574 pereat
684 2490 857 2574 potiusque
878 2487 1060 2574 smaragdi,

198 2576 303 2653 Quam
326 2576 404 2642 fleat
426 2578 469 2643 ob
491 2582 623 2644 nostras
645 2579 713 2644 ulla
734 2581 843 2663 puella
865 2577 944 2642 vias.

153 2664 199 2729 Te
222 2665 343 2730 bellare
366 2666 460 2732 decet
481 2670 583 2751 tura,
605 2666 771 2752 Messalla,
794 2666 956 2751 marique,

105 2769 139 2820 cc
197 2752 244 2820 Vt
266 2754 381 2820 domus
405 2755 541 2821 hostiles
565 2755 729 2840 praeferat
752 2755 896 2823 exuviasz

152 2841 205 2907 Me
228 2844 370 2909 retinent
392 2845 536 2914 morum
559 2845 721 2910 formosae
744 2846 855 2912 vincla
876 2842 1018 2928 puellas,

196 2932 242 2997 Et
264 2934 359 2998 sedeo
384 2933 481 2999 duras
503 2933 625 2999 ianitor
647 2938 723 3000 ante
746 2933 843 3000 fores.

153 3016 230 3083 Non
253 3042 314 3105 ego
337 3023 462 3087 laudari
485 3044 576 3107 cum,
599 3043 671 3087 mea
693 3022 802 3088 Delia:
825 3026 933 3087 tecum

198 3104 285 3170 Dum
307 3111 402 3185 modo
427 3112 502 3194 sim,
525 3132 644 3196 quaeso
669 3111 777 3196 segnis
800 3112 951 3193 inersque
974 3130 1079 3176 vocer.

104 3209 139 3260 cc
154 3193 200 3258 Te
223 3199 379 3279 spectem,
401 3220 553 3283 suprema
574 3199 655 3263 mihi
678 3220 752 3264 cum
773 3197 899 3265 venerit
921 3196 1017 3284 hora,

198 3283 245 3348 Te
268 3287 397 3349 teneam
420 3288 562 3353 moriens
586 3287 752 3353 deficiente
774 3310 883 3358 manu.

152 3370 262 3439 Flebis
286 3376 319 3438 et
340 3395 455 3440 arsuro
478 3378 623 3459 positum
645 3397 710 3458 me,
732 3375 840 3460 Delia,
862 3377 962 3458 lecto,

193 3461 355 3529 Tristibus
379 3467 413 3530 et
435 3465 578 3530 lacrimis
601 3465 714 3530 oscula
737 3465 839 3532 mixta
861 3464 964 3530 dabis.
