2384 3848
472 191 534 247 VII.
553 191 702 248 OVIDIVS
1032 192 1095 256 121

98 353 132 403 15
145 335 215 403 Nec
237 337 346 402 minus
370 340 420 401 est
443 336 579 402 confusa
596 334 708 401 Venus
731 337 890 402 moriente
913 338 1059 424 Tibullo,

192 424 296 501 Quam
319 425 429 490 iuveni
450 425 540 509 rupit
562 446 635 489 cum
658 425 745 490 ferus
768 425 890 510 inguen
913 448 1000 510 aper.

141 513 193 578 'At
215 514 300 579 sacri
323 516 471 578 vatest
438 517 471 578 et
494 513 604 578 dirum
627 535 703 578 cura
725 516 890 578 vocamur!

191 600 330 667 Suntte
297 601 411 683 etiam,
434 602 489 686 qui
511 623 571 666 nos
594 623 714 666 numen
737 602 856 667 habere
878 603 1009 686 putent!

147 689 279 756 Scilicet
301 712 397 756 omne
420 712 547 755 sacrum
571 712 659 755 mors
681 690 857 774 inportuna
880 691 1047 784 profanat,

96 795 131 844 ao
191 778 359 845 Omnibus.
374 780 527 845 obscuras
550 779 642 843 inicit
663 779 722 843 illa
744 801 869 844 manus

146 866 230 943 Quid
252 871 347 952 pater
369 866 522 950 Ismario,
551 867 628 952 quid
651 870 756 933 mater
777 868 913 952 profuit,
941 866 1096 952 Orpheo?

191 955 341 1022 Carmine
364 955 440 1040 quid
462 956 565 1020 victas
590 955 785 1040 obstipuisse
808 955 915 1021 feras?

146 1044 287 1109 Aelinon
310 1044 346 1108 in
368 1044 459 1109 silvis
482 1044 568 1108 idem
591 1048 697 1128 pater,
721 1045 866 1129 aelinon,
888 1045 964 1109 altis

189 1132 318 1198 Dicitur
340 1133 444 1198 invita
467 1133 670 1208 concinuisse
693 1133 774 1217 lyra.

96 1235 130 1286 ae
145 1220 247 1286 Adice
269 1219 477 1305 Maeoniden,
500 1243 521 1285 a
543 1242 620 1306 quo,
645 1243 703 1286 ceu
725 1220 817 1286 fonte
840 1223 987 1305 perenni,

190 1308 313 1375 Vatum
336 1307 451 1374 Pieriis
475 1332 533 1375 ora
554 1310 703 1394 rigantur
726 1310 827 1394 aquis

144 1396 240 1463 Hunc
260 1418 388 1483 quoque
412 1419 540 1463 summa
559 1397 625 1461 dies
644 1398 741 1483 nigro
760 1398 934 1462 submersit
949 1396 1093 1465 Averno:

189 1485 373 1572 Diffugiunt
395 1485 508 1551 avidos
531 1485 675 1550 carmina
699 1487 768 1550 sola
790 1505 897 1570 rogos.

138 1575 250 1640 ‘Durat
273 1596 355 1659 opus
377 1578 505 1658 ratum,
528 1573 661 1639 Troiani
683 1572 771 1639 fama
792 1574 928 1659 laboris,

95 1680 130 1729 30
189 1663 358 1747 Tardaque
381 1666 541 1728 nocturno
563 1664 630 1727 tela
651 1665 776 1727 retexta
798 1662 888 1728 dolo:

78 1820 80 1827 ,
145 1750 197 1817 sic
219 1750 368 1817 Nemesis
391 1752 539 1837 longum,
562 1752 608 1816 sic
631 1751 727 1816 Delia
743 1751 869 1816 ‘nomen
890 1751 1071 1837 habebunt,

188 1840 302 1905 Altera
324 1862 401 1905 cura
422 1858 549 1923 recens,
572 1841 675 1905 altera
697 1841 818 1924 primus
842 1862 942 1906 amor.

145 1927 230 2006 Quid
248 1951 306 1994 vos
321 1950 414 1994 sacra
426 1929 562 1994 iuvant?
585 1928 662 2013 quid
676 1950 763 1993 nunc
776 1928 938 2015 Aegyptia
956 1932 1095 2014 prosunt

190 2015 317 2082 Sistra‘?
345 2017 422 2102 quid
444 2017 479 2081 in
501 2038 602 2081 vacuo
627 2016 811 2081 secubuisse
833 2018 929 2082 toro‘?

94 2123 129 2171 35
144 2102 227 2170 (lum
249 2106 379 2189 rapiant
403 2105 493 2170 mala
514 2104 584 2169 fata
609 2106 713 2170 bonos
738 2104 910 2190 (ignoscite
928 2104 1048 2192 fasso),

190 2191 354 2259 Sollicitor
376 2195 484 2258 nullos
508 2215 578 2258 esse
601 2196 716 2279 putare
740 2193 827 2258 deos.

144 2281 227 2346 Vive
249 2282 335 2367 pius:
358 2283 505 2347 moriere.
537 2282 610 2366 pius
634 2283 704 2347 cole
727 2303 830 2347 sacra:
853 2282 1014 2348 colentem

188 2368 278 2434 Mors
301 2371 410 2455 gravis
434 2393 454 2435 a
476 2371 606 2454 templis
629 2371 664 2433 in
688 2392 767 2436 cara
789 2371 887 2435 busta
908 2371 1025 2437 trahet.

145 2456 350 2524 Carminibus
373 2458 496 2523 confide
518 2457 627 2523 bonis:
649 2458 735 2523 iacet
758 2478 830 2523 ecoe
854 2458 1012 2542 Tibullus,

95 2564 131 2612 40
190 2546 254 2612 Vix
276 2549 386 2612 manet
409 2569 426 2612 e
449 2550 520 2612 toto
543 2567 645 2630 parva
667 2545 753 2630 quod
776 2567 859 2611 urna
881 2548 977 2630 capit.
1053 2586 1055 2591 <

143 2636 244 2718 Tene,
268 2657 359 2700 sacer
381 2638 486 2720 vates,
508 2635 658 2700 flammae
680 2655 816 2718 rapuere
839 2636 967 2720 rogales

188 2723 378 2790 Pectoribus
402 2724 493 2807 pasci
515 2745 575 2788 nec
596 2723 733 2788 timuere
755 2722 844 2787 tuis?

40 2856 46 2865 ,
145 2812 255 2878 Aurea
279 2814 464 2878 sanctorum
487 2813 671 2896 potuissent
692 2811 817 2896 templa
839 2810 972 2876 deorum

47 2911 49 2914 ’
189 2900 303 2985 Vrere,
326 2922 408 2984 quae
430 2903 559 2965 tantum
584 2898 765 2965 sustinuere
787 2899 886 2964 nefas.

93 3004 129 3053 45
144 2987 274 3054 Avertit
295 2990 403 3054 voltus
426 2988 540 3072 Erycis
563 3009 645 3073 quac
668 2987 813 3073 possidet
835 3008 940 3071 arces,

189 3076 272 3143 Sunt
295 3098 435 3162 quoque,
459 3077 515 3160 qui
537 3077 688 3141 lacrimas
712 3075 912 3141 continuisse
933 3080 1065 3161 negant.

144 3165 245 3230 Sedt
230 3168 340 3231 tamen
363 3166 426 3230 hoc
449 3165 578 3248 melius,
601 3187 699 3249 quam
722 3164 750 3229 si
772 3162 933 3230 Phaeacia
955 3165 1054 3230 tellus

186 3254 340 3341 Ignotum
362 3254 420 3319 vili
444 3252 669 3338 supposuisset
690 3253 799 3318 humo.

142 3342 230 3408 Hinc
252 3345 338 3407 certe
361 3341 509 3407 madidos
532 3341 687 3426 fugientis
709 3341 828 3427 pressit
851 3341 971 3408 ocellos

92 3447 129 3496 50
187 3430 257 3496 Mat
242 3433 350 3496 terte
371 3430 407 3495 in
429 3430 553 3496 cineres
577 3429 693 3495 ultima
716 3431 799 3497 dona
820 3430 910 3495 tulit:
