2384 3848
431 159 479 213 ΙΙΙ.
499 159 705 215 chanulvs
1034 163 1074 226 17

127 303 211 381 Quid
234 324 360 388 quoque
384 305 539 369 amittant
561 305 595 368 in
618 308 763 389 tempore
786 327 917 371 cernere
939 308 1058 392 possis.

127 392 323 477 Corporibus
349 393 450 458 caecis
474 393 576 478 igitur
598 397 716 458 natura
740 395 824 479 gerit
846 416 906 459 res.

59 568 108 636 IV
193 569 263 635 Nee
285 573 395 634 tamen
417 570 559 654 undique
582 592 737 654 corporea
760 572 880 655 stipata
902 577 1055 638 tenentur

127 657 243 723 Omnia
265 663 393 723 natura:
417 680 556 743 namque
579 664 639 724 est
661 661 701 724 in
723 661 838 725 rebus
862 662 986 727 inane.

60 761 115 812 325
131 746 224 823 Quod
246 747 308 811 tibi
331 767 490 832 cognosse
512 748 549 812 in
571 749 683 813 multis
707 749 769 813 erit
791 750 870 814 utile
893 751 1004 834 rebus,

130 833 163 899 N
167 857 201 900 ec
225 836 310 900 sinet
333 838 494 900 errantem
518 837 666 901 dubitare
689 841 722 901 et
745 859 898 922 quaerero
922 861 1048 923 semper

128 922 178 988 De
202 946 329 988 summa
352 946 458 989 rerum
482 929 515 989 et
537 927 660 991 nostris
684 925 827 990 diffidere
851 926 954 992 dietis.

133 1011 226 1088 Quod
250 1013 278 1077 si
299 1033 366 1078 non
389 1017 488 1097 esset,
511 1014 601 1078 nulla
623 1015 748 1079 ratione
771 1015 894 1079 moveri

131 1099 195 1166 Res
213 1104 363 1186 possent:
387 1122 526 1186 namque
546 1103 688 1167 officium
703 1103 790 1186 quod
804 1103 946 1186 corporis
964 1106 1079 1187 exstat,

61 1206 117 1255 330
131 1188 389 1274 Officers—atque
411 1191 555 1275 obstare,
577 1191 610 1256 id
629 1191 664 1255 in
683 1192 933 1276 omnitempore
952 1191 1080 1258 adesset

130 1276 306 1343 Omnibus:
328 1279 415 1342 haud
437 1279 544 1364 igitur·
561 1280 732 1364 quicquam
760 1281 931 1363 procedere
954 1284 1078 1365 posset,

132 1366 333 1451 Principium
357 1369 510 1451 quoniam
534 1368 666 1433 cedendi
688 1369 780 1432 nulla
803 1369 894 1434 daret
916 1391 977 1434 res.

129 1455 177 1520 At
199 1478 284 1522 nunc
307 1477 364 1540 per
387 1457 491 1520 maria
514 1477 552 1521 ac
575 1460 679 1521 terras
704 1456 906 1540 sublimaque
930 1457 1010 1522 caeli

131 1542 237 1608 Multa
258 1545 363 1610 modis
386 1545 496 1609 multis
520 1545 610 1610 varia
632 1545 758 1610 ratione
781 1545 903 1610 moveri

62 1647 118 1697 335
134 1629 304 1698 Cernimus
328 1636 404 1697 ante
427 1634 552 1718 oculos3
578 1656 674 1718 quae,
698 1634 726 1698 si
748 1654 815 1698 non
838 1637 924 1699 esset
946 1635 1057 1718 inane,

132 1719 207 1787 Non
229 1726 299 1786 tam
322 1722 461 1786 sollicito
484 1726 577 1787 motu
599 1723 727 1807 privata
750 1726 908 1805 carerent,

130 1808 235 1886 Quam
259 1811 369 1895 genita
392 1812 523 1876 omnino
546 1812 637 1876 nulla
658 1811 785 1875 ratione
808 1811 965 1896 fuissent,

129 1897 280 1983 Vndique
303 1900 454 1964 materies
479 1900 633 1984 quoniam
658 1899 779 1982 stipata
802 1900 951 1983 quiesset.
1010 1940 1013 1947 ,

129 1985 302 2052 Praeterea
326 1989 473 2072 quamvis
497 1988 620 2053 solidae
643 2009 694 2052 res
718 2009 788 2052 esse
811 1991 975 2071 putentur,

60 2090 116 2140 340
130 2074 216 2140 Hinc
238 2079 349 2141 tamen
373 2098 443 2141 esse
466 2077 542 2142 licet
564 2098 637 2142 raro
662 2098 735 2140 cum
758 2096 892 2159 corpore
916 2097 1038 2142 cernas.

129 2162 169 2227 In
192 2164 279 2229 saxis
302 2186 340 2229 ao
364 2166 526 2249 speluncis
549 2168 717 2250 permanat
741 2168 897 2248 aquarum
1058 2180 1060 2184 ·

129 2251 285 2336 Liquidus
308 2275 402 2318 umor
425 2259 458 2319 et
480 2255 633 2319 uberibus
656 2254 737 2318 flent
760 2255 870 2318 omnia
894 2255 1005 2337 guttis.

129 2339 277 2426 Dissipat
298 2342 333 2405 in
356 2363 472 2426 corpus
496 2365 566 2409 sese
589 2343 680 2407 cibus
705 2363 799 2408 omne
823 2343 1040 2407 animantum:

127 2426 284 2495 Crescunt
306 2431 441 2495 arbusta
463 2432 603 2511 etfetus
627 2432 660 2494 in
684 2435 830 2515 tempore
852 2430 1006 2512 fundunt,

62 2533 116 2582 345
132 2515 226 2593 Quod
249 2519 340 2583 cibus
363 2519 398 2582 in
420 2523 508 2585 totas
532 2541 634 2604 usque
658 2519 698 2582 ab
722 2518 884 2582 radicibus
908 2519 982 2582 imis

131 2605 195 2670 Per
216 2609 349 2672 truncos
373 2630 410 2673 ac
432 2630 490 2692 per
512 2604 619 2673 ramos
643 2605 832 2671 diffunditur
855 2607 967 2670 omnis.

131 2693 221 2760 Inter
243 2700 357 2779 saepta
379 2702 489 2762 meant
511 2719 605 2762 voces
632 2698 664 2761 et
688 2696 797 2760 clausa
820 2694 990 2758 domorum

133 2782 394 2869 Transvolitant,
416 2786 557 2872 rigidum
581 2788 751 2868 permanat
773 2783 877 2868 frigus
901 2783 941 2846 ad
966 2805 1048 2849 ossa.

133 2870 239 2956 Quod,
258 2873 322 2939 nisi
336 2875 446 2938 inania
461 2875 539 2958 sint,
558 2896 622 2958 qua
634 2876 771 2958 possent
784 2892 921 2955 corpora
938 2894 1085 2957 quaeque

64 2975 123 3030 350⁴
134 2959 299 3046 Transire,
322 2961 409 3027 haud
432 2963 499 3027 ulla
521 2963 590 3027 fieri
612 2963 739 3028 ratione
762 2960 896 3024 videres.

133 3047 281 3135 Denique
304 3072 361 3116 cnr
383 3051 469 3116 alias
494 3052 566 3116 aliis
589 3054 755 3135 praestare
779 3048 925 3114 videmus

135 3136 282 3204 Pondere
304 3161 356 3204 res
378 3138 475 3205 rebus
498 3140 566 3205 nilo
590 3139 714 3204 maiore
736 3137 864 3224 figura?

133 3223 220 3292 Nam
237 3228 272 3293 si
295 3229 484 3294 tantundem
507 3232 557 3293 est
586 3229 619 3292 in
640 3229 737 3292 lanae
760 3228 902 3313 glomere
927 3228 1084 3311 quantum

136 3312 290 3401 Corporis
315 3317 351 3381 in
377 3318 511 3402 plumbo
540 3321 602 3401 est,
634 3317 826 3382 tantundem
859 3315 999 3399 pendere
1026 3336 1086 3397 par
1145 3317 1148 3321 ’

819 3408 882 3487 est3

120 3517 349 3570 malusrepatus.
364 3519 397 3561 ed.
412 3520 525 3562 Brauon.
