2384 3848
139 181 184 246 48
282 217 286 224 .
505 134 779 235 nantcarius

209 325 366 390 Manabat
387 326 477 390 venis
498 323 699 390 ferventibus
722 324 757 387 in
778 325 851 390 loca
872 327 978 388 terrae

207 411 359 480 Concava
382 413 577 480 conveniens
601 413 726 498 argenti
748 413 836 477 rivus
860 415 893 477 et
912 413 997 495 auri,
1036 430 1040 436 ·

208 501 303 567 Aeris
322 503 401 567 item
426 507 458 567 et
476 500 616 587 plumbi
642 523 724 586 quae
743 523 816 566 oum
835 503 985 566 concreta
1003 496 1124 565 ¹videbe¹

210 591 377 657 Posterius
401 591 488 657 olaro
511 591 548 654 in
568 593 657 655 terra
681 589 850 674 splendere
873 590 992 670 colore,

142 695 195 745 4⁵10
210 678 384 746 Tollebant
406 680 509 744 nitido
534 679 620 762 capti
642 679 770 763 levique
792 678 915 762 lepore,
1012 678 1016 687 '

209 767 255 832 Et
278 768 378 833 simili
399 768 541 834 formata
562 766 720 833 ridebant
743 787 813 831 esse
832 764 940 855 ligura

210 858 318 940 Atque
342 857 533 922 lacunarum
555 856 685 920 fuerant
707 855 846 940 vestigia
868 855 991 939 cuique.

210 943 294 1009 Tum
316 945 509 1029 penetrabat
532 966 587 1010 eos
613 965 707 1028 posse
729 943 811 1008 haec
832 943 1006 1028 liquefacta
1030 944 1124 1009 ealon

211 1031 397 1109 Quamlibet
419 1033 454 1097 in
476 1034 616 1098 formam
639 1033 811 1098 etfaciam
835 1030 1001 1097 decurrere
1023 1053 1124 1096 rerun

142 1135 195 1185 475
208 1121 254 1185 Et
275 1143 425 1204 prorsum
448 1120 594 1205 quamvis
617 1121 652 1184 in
675 1124 770 1186 acuta
794 1141 830 1184 ao
854 1120 964 1185 tenvia
986 1138 1085 1203 posse

211 1208 404 1287 Mucronum
427 1208 500 1273 duci
522 1208 656 1293 fastigia
678 1208 898 1292 procedendo,

209 1295 256 1362 Vt
279 1297 341 1362 sibi
363 1298 430 1362 tela
452 1296 579 1381 darent,
603 1297 765 1382 silvasque
787 1300 824 1361 ut
847 1297 978 1361 caedere
1000 1317 1124 1380 possen·

209 1384 443 1471 Materiemque
466 1385 578 1451 dolare
601 1407 638 1451 ac
660 1385 772 1450 radere
795 1385 889 1470 tigna
910 1385 1085 1475 trabesque

209 1473 255 1539 Et
277 1475 441 1540 terebrare
465 1475 565 1539 etiam
589 1496 626 1539 ae
648 1474 842 1559 pertundere
865 1494 984 1558 perque
1006 1473 1124 1539 forare.

143 1577 195 1627 480
210 1560 280 1628 Nec
302 1563 409 1628 minus
433 1567 568 1649 argento
589 1563 696 1628 facere
718 1562 799 1628 hacc
822 1583 963 1646 auroque
986 1563 1124 1645 parabat

213 1650 317 1727 Quam
340 1651 440 1716 validi
463 1651 604 1735 primum
626 1651 778 1716 violentis
800 1651 922 1716 viribus
945 1651 1043 1735 aeris,

209 1737 447 1823 Nequicquam,
470 1740 622 1823 quoniam
646 1739 781 1805 cedebat
802 1742 888 1804 vieta
911 1742 1058 1822 potestas

211 1824 281 1891 Nec
303 1831 434 1910 poterat
456 1827 579 1911 pariter
601 1827 716 1893 durum
739 1828 870 1893 sufferre
893 1828 1048 1892 laborem.

211 1914 294 1980 Tum
316 1914 380 1979 fuit
402 1916 437 1980 in
459 1916 564 2000 pretio
588 1917 693 2001 magis
716 1936 785 2000 aes,
809 1937 984 2000 aurumque
1006 1916 1124 1982 iaceba‘

143 2017 197 2069 485
211 2003 351 2088 Propter
372 2003 582 2069 inutilitatem
605 2005 714 2070 hebeti
736 2025 888 2070 mucrone
911 2006 1071 2069 retusum:

210 2090 306 2158 Nunc
319 2093 404 2157 iacet
416 2115 480 2176 aes,
490 2115 604 2158 aurum
614 2095 648 2157 in
659 2115 821 2158 summum
832 2093 985 2158 successit
993 2092 1124 2159 honore:

213 2177 266 2245 Sic
289 2180 448 2245 volvenda
471 2183 561 2245 aetas
585 2185 766 2247 commutat
784 2186 937 2265 tempora
959 2202 1078 2246 rerum.

212 2265 312 2343 Quod.
327 2267 390 2331 fuit
412 2268 446 2332 in
468 2269 587 2354 pretio,
609 2270 648 2334 fit
669 2271 758 2335 nullo
782 2270 917 2355 denique
940 2269 1078 2334 honore:

212 2355 426 2421 Porroaliud
450 2357 592 2422 succedit
615 2361 648 2422 et
671 2380 689 2423 e
711 2358 1053 2444 contemperarent,
1088 2354 1096 2360 ’

145 2459 198 2509 490
212 2443 313 2529 lnque
337 2444 404 2510 dier
427 2445 533 2530 magis
557 2446 721 2530 adpetitur
742 2447 899 2530 floretque
921 2450 1087 2531 repertum

212 2532 377 2599 Laudrbus
401 2537 435 2610 et
456 2534 541 2600 miro
562 2538 613 2602 est
636 2535 784 2602 mortalis
808 2535 894 2599 inter
916 2534 1049 2600 honore.

257 2620 351 2687 Nunc
375 2623 436 2689 tibi
459 2646 523 2708 quo
546 2627 641 2708 pacto
664 2624 760 2689 ferri
780 2627 923 2688 natura
945 2627 1076 2708 reperta

213 2707 265 2774 Sit
286 2709 382 2775 facile
404 2715 455 2789 est
475 2711 540 2796 ipsi
562 2734 620 2796 per
641 2716 674 2776 te
697 2732 904 2798 cognoscere,
930 2710 1072 2778 Memmi.

212 2797 315 2862 Arma
338 2799 473 2882 antiqua
494 2820 608 2864 manus
631 2822 756 2887 ungues
780 2800 955 2885 dentesque
978 2800 1124 2885 luerunt,

145 2900 198 2950 495
212 2885 258 2950 Et
280 2885 405 2970 lapides
427 2888 564 2952 etitem
587 2890 740 2955 silvarum
762 2889 925 2973 fragmina
946 2888 1044 2973 rami,

212 2974 258 3039 Et
288 2973 421 3041 flamma
452 2979 549 3061 atque
581 2978 697 3063 ignea*
720 2981 894 3062 postquam
922 2980 998 3042 sunt
1030 2978 1125 3065 cogni

414 3092 417 3096 ’
891 3088 1039 3150 pnmnm.

175 3120 178 3128 ¹
214 3148 381 3217 Posterius
403 3152 481 3218 ferri
501 3154 553 3219 'ris
577 3158 627 3220 est
650 3155 796 3239 aerisque
819 3158 956 3239 reperta.

162 3262 165 3267 ·
213 3236 259 3303 Et
280 3238 370 3322 prior
392 3242 474 3306 aeris
498 3247 568 3309 erat
590 3261 686 3329 quam
709 3244 787 3308 ferri
811 3245 960 3330 cognitus
982 3263 1075 3327 urus,

214 3325 284 3402 Quo
306 3326 410 3393 facilis
434 3331 538 3416 magis
561 3335 612 3396 est
634 3335 752 3397 natura
775 3335 809 3397 et
832 3332 924 3416 copia
948 3331 1062 3418 maior.

88 3334 298 3628 *Aere
321 3416 427 3483 solum
449 3422 555 3484 terrae
578 3420 777 3504 tractabant,
801 3441 934 3504 aereque
958 3420 1056 3485 belli
