2384 3848
429 179 477 237 HI.
496 178 700 236 uvcssnvlvs
1026 179 1071 244 45

121 324 201 390 Inde
225 328 331 389 metus
353 324 495 389 maculat
517 346 692 408 poenarum
716 325 861 409 praemia
883 325 977 405 vitae.

122 412 333 478 circumretit
354 413 440 477 enim
463 412 512 477 vis
536 416 634 498 atqua
657 413 776 478 iniuria
799 423 970 499 quemque,

122 501 232 587 Atque
250 501 336 566 unda
354 504 467 567 exorta
485 504 548 585 est,
572 501 613 566 ad
629 523 702 566 eum
720 503 909 587 plerumque
927 503 1073 587 revertit,

60 607 108 663 aas
122 589 193 656 Neo
215 590 310 655 facile
333 593 384 654 est
406 589 569 674 placidam
598 611 637 655 ao
659 595 808 674 pacatam
832 590 948 677 degere
971 592 1073 656 vitam

125 678 190 757 Qui
212 679 314 744 violat
334 678 430 744 factis
453 679 638 743 eommunia
658 678 789 744 foedera
809 681 913 763 pacis:
1050 729 1054 740 .

124 767 199 833 Etsi
220 766 307 833 fallit
330 767 417 832 enim
440 765 549 831 divum
572 788 674 852 genus
697 768 952 852 humanumque,

124 855 289 940 Perpetuo
312 858 423 922 tamen
445 853 570 922 idlore
593 862 676 921 clam
699 855 844 921 diffidere
867 857 977 938 debet3

126 943 253 1029 Quippe
275 943 333 1008 ubi
356 965 391 1008 se
414 944 508 1008 multi
530 966 588 1026 per
610 944 736 1009 somnia
759 966 854 1029 saepe
876 944 1045 1029 loquentes

59 1049 111 1100 avo
125 1033 195 1098 Aut
213 1032 327 1098 morbo
351 1031 526 1097 delirantes
549 1035 700 1116 protraxe
724 1032 871 1098 ferantur

126 1120 172 1186 Et
194 1121 298 1186 celata
320 1120 407 1187 mala
429 1121 464 1184 in
487 1121 629 1185 medium
652 1125 685 1186 et
707 1125 839 1206 peccata
861 1121 995 1186 dedisse.
1017 1117 1027 1206 Η

59 1297 105 1365 lv
168 1295 266 1362 Nunc
298 1318 380 1382 quae
413 1319 528 1362 eausa
556 1298 663 1363 deum
692 1320 748 1382 per
775 1318 909 1382 magnas
941 1297 1075 1362 numina

807 1387 912 1470 gentis

126 1472 332 1558 Pervolgarit
355 1477 389 1539 et
410 1495 540 1538 ararum
563 1474 773 1557 compleverit
795 1473 883 1538 urbis

126 1558 401 1646 suscipiendaque
424 1563 546 1627 curarit
570 1562 741 1627 sollemnia
763 1583 867 1644 sacra,

57 1666 110 1716 avo
126 1649 217 1726 Quae
234 1672 321 1716 nunc
337 1651 518 1735 in-magnis
536 1649 654 1716 florent
672 1673 764 1716 saera
777 1647 903 1735 rcbu(s)
918 1650 1074 1733 locisque,

125 1737 222 1804 Unde
246 1739 344 1804 etiam
367 1760 453 1803 nunc
476 1742 527 1804 est
548 1739 741 1805 mortalibus
763 1739 880 1804 insitus
902 1738 1028 1822 horror,

127 1825 191 1902 Qui
213 1827 348 1893 delubra
371 1827 466 1891 deum
489 1849 574 1894 nova
597 1832 667 1894 toto
691 1828 827 1893 suscitat
849 1827 921 1893 orbi
949 1886 952 1891 .

128 1914 301 1987 Terrarum
325 1918 358 1980 et
380 1915 473 1980 festis
496 1918 586 2000 cogit
608 1917 768 1982 celebrare
792 1916 921 1998 diebus,

126 2003 204 2069 Non
226 2003 276 2068 ita
298 2004 430 2069 difficile
453 2009 504 2069 est
526 2006 685 2069 rationem
707 2004 840 2069 reddere
862 2003 979 2068 verbis.

59 2108 114 2159 380
129 2090 256 2176 Quippe
278 2092 399 2158 etenim
421 2093 488 2157 iam
510 2097 579 2157 tum
603 2093 713 2158 divum
736 2091 887 2158 mortalia
910 2091 1015 2173 saecla

129 2179 290 2266 Egregius
312 2180 423 2246 animo
445 2180 543 2246 facies
566 2182 722 2267 vigilante
744 2180 909 2265 videbant,
1027 2232 1032 2241 .

130 2268 176 2333 Et
198 2269 304 2354 magis
327 2270 362 2334 in
378 2263 508 2335 'somnis
532 2270 680 2336 mirando
704 2270 848 2354 corporis
872 2272 977 2334 auctu

82 2409 86 2413 .
129 2355 194 2429 His
215 2358 318 2442 igitur
340 2379 470 2423 sensnm
494 2359 683 2425 tribuebant
705 2362 877 2442 propterea
901 2357 984 2443 quod

130 2444 278 2511 Membra
300 2468 429 2512 movere
452 2447 643 2512 videbantur
665 2468 823 2530 vocesque
847 2447 1002 2531 superbas

62 2550 117 2600 385
131 2532 262 2600 Mittere
284 2556 345 2619 pro
367 2535 451 2601 facie
474 2536 640 2620 praeclara
663 2537 696 2599 at
717 2534 840 2598 viribus
864 2535 989 2617 amplis.

131 2621 369 2707 Aeternamque
392 2624 514 2689 dabant
536 2624 652 2706 vitam,
675 2622 750 2707 quia
773 2642 899 2704 semper
924 2642 1034 2687 eorum

132 2708 409 2796 Suppeditabatur
430 2713 530 2778 facies
554 2715 587 2777 et
608 2712 714 2778 forma
736 2711 902 2793 manebat,

130 2798 177 2865 Et
198 2804 313 2870 tamen
332 2801 465 2867 omnino
489 2801 574 2886 quod
597 2801 698 2866 tantis
721 2799 845 2864 viribus
868 2802 980 2864 auctos

131 2887 208 2953 Non
230 2892 352 2953 temere
375 2889 443 2954 ulla
465 2891 498 2954 vi
520 2890 668 2955 convinci
689 2910 786 2972 posse
809 2888 979 2971 putabant.
1066 2943 1068 2947 ,

64 2992 117 3042 390
131 2975 347 3060 Fortunisque
369 2977 441 3045 ideo
464 2979 561 3063 longe
583 2980 750 3062 praestare
773 2976 946 3059 putabant,

133 3063 225 3140 Quod
242 3065 358 3131 mortis
375 3066 475 3131 timor
492 3066 578 3131 haud
598 3087 791 3153 quemquam
809 3069 940 3130 vexaret
958 3086 1081 3147 eorm,

133 3152 179 3217 Et
202 3153 299 3218 simul
321 3153 357 3219 in
380 3153 501 3220 somnis
526 3155 602 3239 quia
623 3155 727 3218 multa
750 3157 783 3219 et
805 3153 888 3218 mira
911 3154 1065 3220 videbant

131 3241 271 3307 Efficere
295 3245 328 3306 et
349 3244 474 3308 nullum
498 3265 611 3326 capere
634 3244 723 3328 ipsos
746 3242 821 3307 inde
844 3243 998 3309 laborem.

132 3329 305 3396 Praeterea
329 3333 410 3397 caeli
432 3332 573 3398 rationes
597 3331 708 3396 ordine
731 3335 819 3397 certo

64 3433 118 3485 395
132 3417 178 3484 nt
199 3420 293 3488 varia
314 3442 473 3487 annorum
496 3420 671 3486 cernebant
692 3423 840 3503 tempora
862 3420 956 3503 verti,
