2384 3848
136 188 178 253 14
505 185 554 240 111.
572 183 777 240 avoaamvs

130 351 182 401 210
198 333 291 411 Quod
314 356 414 418 nunc,
438 338 568 400 aeterno
592 333 668 417 quia
685 333 836 398 constant
855 330 977 395 semine
992 352 1147 417 quaeque,

195 421 308 489 Donec
330 424 379 488 ris
403 423 498 507 obiit,
522 424 676 507 quaeres
700 420 882 486 diverberet
903 419 970 485 ictu

196 513 265 577 Aut
288 513 377 577 intus
400 514 547 596 penetret
569 532 627 594 per
648 510 758 575 inania
781 509 1013 594 dissoluatque,

200 600 330 667 Nullius
355 601 487 665 exitium
510 601 635 684 patitur
656 603 774 664 natura
795 597 905 664 videri.

196 689 369 754 Praeterea
392 710 610 774 quaecumque
633 692 795 754 vetustate
817 692 946 754 amovet
969 694 1076 774 aetas,

129 793 182 844 220
197 777 233 844 si
255 778 386 862 penitus
410 778 542 862 perimit
565 798 759 844 consumens
782 777 952 842 materiem
975 800 1120 864 omnem,

194 867 288 934 Vnde
311 867 452 932 animale
476 886 577 949 genus
602 867 783 950 generatim
805 867 841 931 in
863 867 988 932 lumina
1009 868 1098 944 vitae

196 955 356 1021 Redducit
381 954 507 1039 Venus,
531 959 588 1021 aut
609 954 798 1020 redductum
822 954 958 1021 daedala
979 956 1079 1022 tellus

193 1043 287 1108 Vnde
312 1045 371 1108 alit
390 1048 486 1127 atque
505 1047 604 1128 auget
622 1045 803 1127 generatim
820 1044 942 1128 pabula
961 1045 1145 1128 praebens?

193 1131 287 1198 Vnde
310 1154 399 1196 mare
421 1132 555 1217 ingenui
577 1132 683 1197 fontes
708 1136 901 1217 externaque
923 1134 1015 1219 large

126 1235 178 1285 225
192 1220 344 1292 Flumina
367 1220 596 1305 suppeditant?
619 1221 705 1286 unde
728 1221 840 1286 aether
863 1220 970 1287 sidera
992 1223 1123 1306 pascit?

195 1308 312 1374 Omnia
336 1310 422 1374 enim
446 1309 556 1393 debet,
578 1310 711 1375 mortali
734 1330 868 1394 corpore
891 1331 972 1394 quae
996 1316 1087 1396 sunt,

194 1397 327 1462 Infinita
351 1401 440 1462 aetas
464 1419 659 1482 consumpse
682 1402 757 1464 ante
781 1401 854 1465 aeta
877 1398 1017 1484 diesque

192 1485 285 1562 Quod
309 1488 337 1552 si
360 1487 395 1553 in
418 1508 456 1552 eo
480 1487 585 1571 spatio
609 1490 707 1572 atque
730 1490 805 1552 ante
828 1490 901 1551 acta
924 1490 1031 1553 aetate
1049 1489 1143 1556 fuere

191 1575 220 1640 E
245 1577 362 1660 quibus
386 1576 466 1640 haec
489 1597 597 1641 rerum
620 1577 773 1652 consistit
795 1597 923 1641 summa
945 1576 1080 1662 refecta,

123 1679 177 1731 230
190 1663 361 1729 Inmortali
386 1668 463 1729 sunt
484 1668 603 1730 natura
624 1665 772 1748 praedita
794 1667 893 1748 certe,

139 1788 144 1796 .
189 1751 287 1817 Haud
309 1753 409 1838 igitur
431 1757 569 1836 possunt
591 1753 632 1818 ad
655 1754 759 1817 nilum
783 1774 929 1838 quaeque
950 1755 1080 1821 reverti.

190 1840 338 1926 Denique
361 1864 413 1906 res
437 1842 543 1906 omnis
566 1841 678 1906 eadem
701 1842 750 1906 vis
764 1863 933 1927 *causaque
955 1843 1053 1928 volgo

189 1928 385 2014 Conficeret‚
408 1930 472 1994 nisi
495 1931 645 1995 materies
670 1934 801 1995 aeterna
822 1934 961 2014 teneret,

188 2018 277 2084 Inter
300 2042 334 2085 se
356 2041 441 2086 nexu
464 2020 572 2084 minus
595 2022 653 2083 aut
674 2019 780 2105 magis
803 2019 1005 2103 indupedita:

121 2122 173 2173 235
189 2106 309 2174 Tactus
333 2109 420 2172 enim
442 2109 503 2172 leti
524 2108 604 2172 satis
628 2111 715 2172 esset
736 2129 834 2173 cansa
856 2107 1017 2194 profect03

188 2194 335 2280 Quippe,·
349 2196 405 2260 ubi
428 2196 518 2260 nulla
540 2194 650 2260 forent
673 2199 805 2278 aeterno
829 2217 977 2280 corpore,
1001 2219 1141 2282 quorum

187 2281 382 2349 Oontextum
406 2284 455 2348 vis
480 2283 611 2349 deberet
633 2284 808 2349 dissolvere
831 2307 986 2371 quaeque.

186 2370 232 2436 At
256 2394 356 2456 nunc,
379 2372 463 2438 inter
487 2394 521 2436 se
545 2373 621 2458 quia
644 2394 746 2438 nexus
768 2374 1001 2458 principiorum

185 2457 369 2527 Dissimiles
393 2464 545 2526 constant
568 2466 764 2546 aeternaque
787 2462 938 2528 materies
962 2465 1026 2547 est,

119 2565 171 2616 240
185 2548 344 2615 Incolumi
367 2555 537 2615 remanent
559 2573 611 2616 res
634 2572 781 2635 corpore,
805 2550 882 2615 dum
905 2551 985 2616 satis
1009 2552 1093 2617 acris

184 2638 244 2704 Vis
270 2640 367 2704 obeat
389 2661 449 2723 pro
472 2643 603 2705 textura
625 2640 780 2724 cuiusque
803 2642 941 2723 reperta.

183 2726 295 2793 Haud
313 2729 436 2811 igitur
454 2728 556 2793 redit
575 2729 620 2792 ad
633 2728 755 2793 nilum
771 2750 831 2793 res
845 2729 939 2812 ulla,
953 2727 1008 2792 sed
1024 2749 1139 2795 omnes

183 2815 329 2882 Discidio
353 2817 489 2881 redeunt
511 2816 545 2880 in
568 2838 706 2901 corpora
729 2816 887 2882 materiai.

183 2903 351 2969 Postremo
374 2909 514 2990 perermt
536 2906 670 2989 imbres,
693 2905 750 2970 ubi
774 2926 828 2970 eos
851 2908 944 2989 pater
968 2905 1082 2971 aether

115 2991 221 3059 245111
244 2995 403 3079 gremium
427 2993 541 3059 matris
565 2994 665 3059 terrai
687 2994 930 3079 praecipitavit:
1026 3070 1032 3082 ς

182 3078 228 3145 At
250 3081 373 3148 nitidae
396 3086 536 3168 surgunt
558 3082 683 3168 fruges,
706 3083 853 3166 ramique
877 3083 1042 3148 virescunt

182 3170 378 3253 Arboribus,
401 3176 550 3236 creseunt
572 3173 663 3256 ipsae
685 3172 818 3254 fetuque
842 3174 1037 3256 gravantur:

182 3258 270 3324 Hine
294 3258 393 3323 alitur
414 3280 511 3342 porro
535 3265 684 3327 nostrum
708 3279 810 3344 genus
834 3263 931 3345 atque
954 3259 1114 3326 ferarum:

181 3347 268 3412 Hine
291 3347 395 3412 laetas
419 3347 515 3411 urbes
538 3350 646 3432 pueris
669 3349 783 3412 florere
807 3348 969 3432 ridemus,

113 3449 165 3502 200
179 3436 453 3521 Frondiferasque
476 3437 569 3502 novis
589 3438 704 3503 avibus
723 3458 837 3524 canere
856 3437 998 3522 undique
1018 3437 1136 3504 silvas:
