2384 3848
391 202 465 257 VIII.
483 201 686 265 MABTIALIS
986 203 1053 270 129

437 348 489 412 29.
522 344 570 433 (H
593 344 651 434 so.)

449 450 482 505 In
499 451 638 506 timidum.

105 541 243 608 Hostem
267 562 339 607 cum
361 541 502 626 fugeret,
525 563 560 606 se
581 541 725 607 Fannius
747 542 818 627 ipse
840 543 990 627 peremit.

148 630 313 715 Hicrogo
336 651 402 695 non
424 630 515 697 furor
538 633 602 716 est,
624 652 665 695 ne
688 630 840 717 moriare,
864 630 970 697 mori?

429 773 482 838 30.
515 769 578 858 (vr
601 771 659 856 a.)

443 876 476 930 In
494 874 642 932 medicum.

105 965 216 1032 Lotus·
229 966 399 1032 nobiscum
422 972 484 1051 est,
507 967 621 1031 hilaris
645 968 785 1051 cenavit,
809 971 842 1032 et
864 967 950 1033 idem

148 1054 304 1120 Inventus
327 1077 421 1120 mane
445 1059 495 1122 est
517 1059 663 1121 mortuus
686 1055 905 1142 Andragoras.

106 1141 186 1207 Tam
209 1144 335 1208 subitae
357 1144 471 1210 mortis
495 1166 640 1228 causam,
662 1144 830 1228 Faustina,
853 1145 1012 1230 requiris?

148 1231 188 1295 In
211 1233 335 1297 somnis
357 1233 516 1298 medicum
540 1234 664 1298 viderat
685 1233 927 1299 Hermocraten

446 1392 498 1457 31.
531 1389 642 1478 (14⁷.)

210 1493 243 1548 In
260 1495 392 1550 Diaulum
412 1494 553 1562 epmedico
571 1493 749 1564 vispillonem
767 1493 882 1550 factum.

104 1583 217 1669 Nuper
239 1589 309 1651 erat
331 1586 486 1668 medicus,
509 1607 594 1650 nunc
618 1589 668 1650 est
689 1585 818 1670 vispillo
844 1583 995 1652 Diaulus:
1127 1605 1132 1611 ·

153 1673 246 1750 Quod
268 1671 397 1759 vispillo
420 1675 513 1759 facit,
536 1674 657 1739 fecerat
679 1677 712 1738 et
734 1674 886 1741 medicus.

437 1835 488 1900 32.
521 1831 570 1919 (Π
592 1831 651 1917 τε.)

345 1968 350 1973 ι
366 1938 399 1992 In
416 1937 540 1992 mermes
560 1935 719 1992 Caeciliani.

104 2029 239 2095 Aestivo
263 2051 369 2095 serves
392 2029 448 2093 ubi
470 2029 593 2111 piscem
615 2033 762 2112 tempore
785 2027 936 2114 quaeris?

150 2117 188 2182 ln
211 2118 359 2203 thermis,
372 2138 477 2202 serra,
501 2115 697 2201 Caeciliam,
719 2117 792 2183 tuis.

338 2328 341 2335 .
428 2277 481 2342 33.
513 2274 579 2363 (III
602 2275 660 2361 sc.)

308 2381 341 2435 In
358 2379 535 2436 Ravennates
553 2396 629 2448 aqua
647 2382 782 2438 carentes.

106 2470 156 2536 Sit
178 2472 316 2537 cisterna
339 2471 433 2556 mihi,
455 2493 552 2556 quam
574 2474 683 2556 vinea,
705 2471 791 2535 malo
815 2471 1004 2557 Ravennae,

150 2558 233 2626 Cum
254 2561 378 2644 possim
400 2561 502 2625 multo
526 2558 663 2625 vendere
685 2559 787 2643 pluris
811 2581 937 2644 aquam,

429 2721 481 2785 34.
514 2716 658 2805 (1ch.)

489 2821 596 2878 Simile.

105 2912 247 2979 Callidus
270 2913 415 2997 inposuit
437 2934 540 2997 nuper
561 2912 642 2977 mihi
665 2934 766 2997 caupo
790 2912 983 2978 Ravennae:

149 3001 230 3068 Oum
252 3005 396 3087 peterem
419 3002 568 3085 mixtum,
590 3001 733 3066 vendidit
755 3001 809 3065 ille
832 3022 966 3068 merum.

428 3161 480 3227 35.
511 3159 573 3246 (IV
596 3156 654 3245 44.)

445 3265 486 3320 De
498 3257 636 3320 'Vesuvia

104 3356 167 3423 Hic
190 3360 240 3423 est
261 3326 443 3442 pampineis
466 3355 578 3420 viridis
601 3353 697 3420 modo
716 3353 854 3421 Vesvius
877 3353 1015 3438 umbris,

147 3446 315 3511 Presserat
336 3445 389 3510 hic
411 3443 558 3509 madidos
580 3443 703 3510 nobilis
723 3465 793 3510 usa
808 3443 920 3506 lacus,

87 3561 188 3608 Ecloaae
198 3563 259 3610 post.
272 3560 311 3601 lat,
326 3558 360 3603 ed.
370 3559 484 3602 Burrus.
899 3546 921 3593 ”c
