2384 3848
487 219 520 275 V.
540 218 727 275 TIBVLLVS.
1072 217 1114 283 69

90 361 131 418 ab
156 359 259 417 Ovidis
282 359 367 416 nenia
390 361 548 417 celebratus
576 363 619 416 est
643 362 679 430 (v.
703 363 813 416 sextum
841 360 995 416 carminum
1019 359 1115 415 Ovidii

90 449 170 506 infra
188 447 338 520 datorum).
368 449 485 520 Elegiae
504 449 577 517 eius,
595 463 728 518 magnam
746 450 856 519 partem
872 449 907 504 de
923 447 1018 518 Delia,
1037 448 1115 504 ouius

88 555 194 596 verum
211 550 315 593 nomen
332 537 432 593 Plania
449 539 524 607 erat,
543 540 572 592 at
587 536 702 592 Nemesi
720 537 817 593 amieis
837 537 974 607 scriptae,
992 537 1114 594 traditae

168 629 234 682 sunt
252 643 315 682 oum
334 625 454 682 aliorum
473 626 644 682 carminibus
662 626 691 681 in
710 625 749 680 IV
768 625 854 682 libros
873 626 1045 682 coniunctae.

368 775 564 853 Epigramma
586 775 713 835 Domitii
734 776 837 836 Marsi

205 892 246 948 Te
264 907 376 960 quoque
393 890 522 962 Vergilio
541 891 674 947 comitem
692 908 748 947 non
768 909 872 963 aequa,
891 891 1016 962 Tibulle,

256 980 332 1036 Mors
348 981 479 1036 iuvenem
498 996 612 1050 campos
631 979 710 1034 misit
727 980 763 1035 ad
781 980 905 1050 Elysios,

203 1069 246 1125 Ne
264 1067 350 1136 foret,
369 1071 420 1125 aut
438 1068 525 1138 elegis
543 1069 643 1125 molles
662 1068 712 1138 qui
729 1068 809 1124 fieret
827 1087 937 1126 amores

256 1157 315 1211 Aut
333 1158 446 1212 caneret
464 1156 531 1212 forti
549 1155 629 1226 regia
646 1157 723 1212 bella
740 1158 820 1227 pede.

519 1409 546 1472 1.
598 1407 614 1472 Ι
649 1424 673 1473 1.

345 1509 421 1566 Laus
438 1510 516 1565 vitae
535 1406 635 1565 rustici
654 1405 760 1577 otiique
778 1510 864 1566 beati.

161 1601 304 1668 Divitias
328 1600 411 1666 alius
433 1601 524 1666 fulvo
549 1601 613 1666 sibi
635 1604 791 1686 congerat
814 1622 892 1667 auro

207 1690 253 1756 Et
273 1692 384 1756 teneat
406 1689 486 1755 sulti
508 1690 622 1775 iugera
644 1688 749 1754 multa
771 1690 847 1775 soli,

162 1779 266 1857 Quem
288 1778 383 1844 labor
406 1777 559 1843 adsiduus
582 1779 689 1845 vicino
712 1781 836 1844 terreat
857 1779 964 1866 hoste,

206 1867 328 1941 Martia
349 1864 402 1930 oui
425 1887 556 1933 somnos
580 1869 715 1932 classica
736 1868 832 1951 pulsa
853 1867 982 1954 fugent:

129 1956 215 2023 sMe
238 1977 311 2020 mea
332 1959 509 2039 paupertas
531 1955 600 2020 vita
622 1955 773 2020 traducat
795 1956 909 2041 inerti,

206 2044 293 2109 Dum
315 2064 406 2107 meus
430 2043 565 2108 adsiduo
588 2043 696 2108 luceat
717 2044 793 2128 igne
816 2043 918 2111 foous.

160 2133 236 2218 Ipse
259 2153 364 2198 seram
386 2134 515 2196 teneras
539 2135 668 2198 maturo
691 2136 837 2216 tempore
861 2134 944 2200 vites

205 2219 359 2286 Rusticus
382 2223 415 2284 et
436 2221 525 2287 faoili
549 2221 688 2306 grandia
709 2243 809 2306 poma
831 2244 943 2288 manu:

160 2309 231 2377 Neo
253 2308 334 2394 Spes
357 2308 528 2393 destituat,
553 2310 610 2374 sed
632 2310 764 2395 frugum
787 2332 913 2394 semper
936 2335 1067 2381 acervos

110 2417 146 2467 10
205 2397 367 2462 Praebeat
390 2402 423 2463 et
445 2398 540 2483 pleno
564 2398 700 2484 pinguia
723 2400 833 2463 musta
855 2399 938 2465 laou.

161 2486 248 2553 Nam
270 2506 420 2570 veneror,
442 2507 499 2551 seu
523 2487 624 2570 stipes
647 2486 749 2551 habet
771 2485 918 2552 desertus
940 2490 976 2553 in
1000 2492 1089 2575 agris

206 2573 268 2640 Seu
291 2577 385 2640 vetus
407 2575 443 2639 in
464 2575 563 2640 trivio
585 2573 686 2640 floreo
708 2577 797 2638 serta
818 2574 917 2658 lapis:

160 2664 206 2730 Et
228 2663 450 2749 quodcumque
473 2663 554 2728 mihi
576 2684 709 2748 pomum
731 2683 836 2729 novus
860 2662 974 2730 educat
994 2687 1111 2752 annus,

205 2751 360 2817 Libatum
383 2753 560 2836 agricolam
582 2752 716 2837 ponitur
738 2754 814 2818 ants
837 2751 942 2818 deum.

111 2855 145 2908 15
159 2840 262 2907 Flava
285 2837 397 2925 Ceres,
420 2841 481 2904 tibi
505 2841 548 2905 sit
569 2843 681 2906 nostro
704 2840 743 2905 de
766 2861 841 2916 mre
864 2862 986 2907 oorona

115 2967 124 2986 ·
206 2927 334 3015 Spicea,
357 2950 439 3014 quae
461 2930 576 3013 templi
597 2929 737 3013 pendeat
760 2931 834 2993 ante
857 2929 960 2995 fores:

159 3018 373 3102 Pomosisque
395 3017 494 3084 ruber
516 3020 623 3083 eustos
646 3020 787 3102 ponatur
809 3017 845 3081 in
867 3016 986 3104 hortis,

205 3107 340 3172 Terreat
362 3111 400 3171 ut
422 3127 519 3172 saeva
541 3106 625 3171 falae
648 3104 785 3188 Priapus
812 3127 897 3171 avos.

159 3195 229 3262 Vos
253 3217 394 3280 quoque,
420 3195 526 3260 felicis
550 3194 725 3278 quondam,
752 3215 839 3260 nuno
861 3198 1014 3282 pauperis
1038 3198 1110 3283 agri

109 3301 145 3352 ao
205 3281 378 3365 Custodes,
400 3283 493 3349 fertis
516 3304 651 3351 munera
672 3285 794 3368 vestra,
816 3281 928 3351 Lares.

160 3373 251 3438 'Puno
273 3373 378 3438 vitula
400 3372 587 3438 innumeros
609 3372 772 3437 lustrabat
794 3393 889 3438 caesa
911 3375 1077 3439 iuvencos:

204 3459 301 3526 Nune
324 3481 410 3546 agna
433 3461 541 3547 exigui
564 3464 615 3526 est
637 3460 749 3528 hostia
768 3472 877 3546 'paura
896 3462 974 3526 soti.
