2384 3848
24 186 69 253 46
240 190 243 203 '
394 184 442 242 111.
461 182 666 241 chsusrvs

90 330 160 397 Nec
182 332 336 414 poterant
357 329 474 415 quibus
497 329 530 394 id
553 329 647 395 fieret
668 348 864 414 cognoscere
888 332 1004 397 causis.

90 418 179 505 Ergo
202 418 386 504 perfugium
409 418 472 484 sibi
493 417 659 484 habebant
681 418 792 483 omnia
814 418 897 484 diris

91 507 231 573 Tradere
254 510 287 572 et
308 507 438 572 illorum
460 510 542 572 nutu
564 506 670 574 fecere
693 506 803 572 omnia
825 505 921 573 flecti.

91 595 132 661 In
155 597 308 681 caeloque
331 595 426 662 deum
450 595 542 661 sedes
565 599 600 660 et
619 595 743 679 tenrpla
764 595 927 680 locarunt,

25 701 77 751 400
91 683 154 751 Per
176 685 300 750 caelum
323 685 413 750 volvi
435 685 513 769 quio
533 705 599 749 nox
622 688 655 749 et
678 683 757 748 luna
779 683 914 769 videtur,

91 772 199 858 Luna,
221 773 304 858 dies,
326 776 360 838 et
381 793 461 858 nox,
483 777 517 839 et
538 773 644 838 noctis
667 772 762 857 signe
784 791 910 857 serena,

90 860 354 948 Noctircgseque
375 861 464 928 faces
487 861 580 946 caeli,
601 861 813 945 flammaeque
834 861 998 948 volantes,

90 950 227 1035 Nubila,
252 952 314 1036 sol,
336 951 472 1036 imbres,
492 950 563 1034 nix,
585 949 686 1034 venti,
709 949 861 1034 fulmina,
883 950 1016 1036 grando,

90 1039 135 1105 Et
157 1039 263 1124 rapidi
285 1039 447 1124 fremitus,
474 1042 509 1104 et
534 1058 700 1103 murmura
726 1058 846 1124 magns
867 1039 1016 1104 minarun

22 1142 75 1193 405
135 1127 163 1193 0
187 1148 306 1213 genus
329 1126 471 1193 infelix
493 1128 712 1211 humanum,
732 1127 814 1192 talia
836 1126 919 1193 disis

91 1212 173 1280 (lum
195 1215 313 1280 tribuit
334 1215 423 1281 facta
445 1220 542 1300 atque
564 1216 631 1280 iras
655 1215 801 1280 adiunxit
823 1215 972 1280 acerbasl

91 1302 330 1380 Quantostnm
353 1304 494 1388 gemitus
517 1303 581 1388 ipsi
605 1303 682 1387 sibi,
705 1307 891 1388 quantaque
912 1302 1011 1369 uobis

89 1390 242 1477 Volnera,
252 1414 332 1477 quas
346 1393 497 1457 lacrimas
510 1413 664 1475 peperere
678 1389 888 1478 minoribu(s)
897 1393 1016 1458 nostris

89 1478 159 1546 Nec
181 1482 286 1565 pietas
308 1481 377 1545 ulla
400 1484 451 1546 est
472 1482 616 1546 velatum
639 1501 735 1564 saepe
758 1479 859 1545 videri

22 1584 74 1634 410
88 1568 217 1634 Vertier
240 1569 281 1634 ad
303 1569 447 1654 lapidem
469 1573 567 1654 alque
586 1568 692 1634 omnis
715 1568 865 1633 accedere
888 1567 929 1633 ad
951 1590 1016 1634 aras

88 1655 122 1723 N
122 1679 158 1723 ec
166 1657 378 1742 procumbere
391 1657 483 1722 humi
496 1661 697 1742 prostratum
711 1661 745 1722 et
756 1656 900 1741 pandere
908 1657 1016 1741 palme

88 1745 176 1810 Ante
199 1746 295 1811 deum
318 1746 467 1829 delubra,
488 1766 549 1810 nee
572 1767 647 1810 aras
671 1746 829 1831 sanguine
851 1746 956 1811 multo

90 1831 249 1920 spergere
272 1833 518 1919 quadripedum,
539 1855 600 1900 nee
623 1835 707 1899 votis
729 1837 858 1899 nectere
880 1837 973 1920 vota,

89 1921 151 1987 Sed
174 1942 269 2008 mage
291 1925 408 2006 pacata
429 1944 525 2006 posse
549 1922 657 1989 omnis
679 1925 787 1987 mente
809 1923 903 1987 tueri.

22 2027 74 2076 415
88 2010 174 2077 Nam
197 2033 271 2078 cum
293 2011 487 2096 suspicimus
510 2012 621 2096 magni
644 2011 797 2077 caelestia
818 2010 930 2075 mundi

88 2098 237 2183 Templa,
260 2121 356 2185 super
375 2099 542 2183 stellisque
560 2098 758 2164 micantibus
776 2099 909 2164 aethera
926 2097 1016 2164 fixun

87 2186 133 2251 Et
155 2188 245 2252 venit
265 2188 301 2252 in
322 2191 464 2252 mentem
487 2187 566 2252 solis
588 2188 749 2273 lunaeque
770 2187 911 2271 riarum,

88 2275 179 2339 Tune
202 2275 275 2339 aliis
298 2296 453 2359 oppressa
470 2275 565 2341 malis
588 2277 623 2341 in
645 2279 780 2361 pectora
802 2297 879 2341 cura

88 2362 150 2427 Illa
172 2363 586 2448 quoqueexpergcfaetum
609 2368 707 2449 ceput
731 2366 853 2450 erigere
876 2364 966 2449 infit,

20 2468 73 2517 420
86 2449 137 2517 Ne
160 2472 242 2536 quae
265 2451 350 2517 forte
372 2452 467 2518 deum
489 2453 584 2518 nobis
606 2452 755 2518 inmensa
773 2455 923 2537 potestus

88 2538 149 2624 Sit,
172 2541 264 2607 vario
287 2544 380 2607 motu
403 2563 485 2626 quae
508 2541 646 2607 candida
669 2541 777 2606 sideru
798 2543 919 2607 verset:

87 2628 241 2714 Temptat
263 2630 350 2694 enim
372 2629 504 2696 dubiam
526 2633 667 2695 mentem
690 2630 826 2694 rationis
849 2631 994 2713 egestas,

87 2717 294 2801 Ecquaenam
317 2718 418 2782 fuerit
438 2718 552 2783 mundi
574 2719 727 2804 genitalis
750 2718 855 2803 origo,

86 2804 132 2870 Et
154 2806 250 2870 simul
272 2826 393 2890 ecquae
416 2805 461 2870 sit
482 2806 570 2890 finis,
593 2802 699 2891 quoad
721 2806 851 2872 moenia
872 2805 987 2870 mundi

19 2908 71 2960 425
88 2891 224 2960 Solliciti
246 2897 355 2959 motus
377 2893 464 2960 hunc
485 2895 613 2978 possint
634 2895 719 2960 ferre
741 2895 902 2978 laborem,

87 2981 140 3048 An
161 2982 318 3048 divinitus
341 2985 474 3047 aeterna
496 2983 617 3048 donata
640 2984 746 3049 salute

86 3069 246 3154 Perpetuo
270 3071 398 3155 possint
421 3071 492 3137 aevi
514 3071 659 3137 labentia
682 3075 788 3137 bactu

85 3157 229 3223 Inmensi
251 3159 377 3224 relidas
401 3160 472 3225 aevi
495 3163 700 3226 contemnere
722 3160 810 3225 viris.

86 3245 258 3311 Praeterea
281 3247 333 3311 cui
354 3269 422 3312 non
444 3249 571 3315 animus
593 3247 766 3315 formidine
790 3247 899 3312 divum

17 3348 71 3402 430
85 3332 304 3418 Oontrahitur,
325 3335 378 3399 cui
400 3357 467 3402 nou
490 3341 663 3422 correpunt
685 3337 831 3402 membra
853 3357 988 3422 pavore,

84 3423 244 3490 Fulminis
265 3423 415 3489 horribili
438 3447 511 3491 enm
533 3426 631 3511 plaga
652 3425 778 3492 torrida
799 3424 896 3489 tellus
