2384 3848
71 198 114 262 86
432 197 479 254 vr.
498 167 727 253 raoruarrvs

132 341 206 407 ‹Nec
228 362 300 407 mea
323 342 488 408 Phaeacas
510 345 651 426 aequant
673 339 820 424 pomaria
843 338 955 422 silvas,
999 371 1005 401 v.

182 429 258 496 Non
282 451 419 515 operosa
440 431 529 515 rigat
550 429 691 495 Marcius
717 431 812 494 antra
833 427 953 512 liquor3

138 519 184 584 At
206 519 319 585 Musae
343 520 477 585 comites
501 522 534 584 et
556 518 702 583 carmina
726 538 802 582 cara
825 517 964 602 legenti,

184 608 229 673 ut
252 607 378 675 defessa
401 608 508 675 choris
532 606 698 690 Calliopea
719 606 808 670 meis.

91 713 125 763 55
140 696 333 782 Fortunata,
357 719 429 763 meo
453 698 481 762 si
504 718 578 782 qua·
591 717 626 761 cs
649 695 813 761 celebrata
835 693 959 760 libello!

178 783 338 851 *Garmina
360 789 455 852 erunt
476 786 602 850 formae
625 787 676 849 tot
697 786 910 848 monumenta
933 786 1018 849 tuac.

137 873 223 940 Nam
247 897 350 960 neque
373 873 581 959 pyramidum
604 876 752 957 sumptus
776 872 817 937 ad
841 870 947 937 sidera
971 872 1075 956 ducti,

183 961 253 1028 Neo
276 962 362 1030 loris
386 963 459 1029 Elei
483 964 607 1028 caelum
631 962 759 1027 imitata
781 961 911 1045 domus,

138 1051 207 1117 Nec
229 1049 389 1118 Mausolei
412 1052 501 1138 dives
524 1051 656 1118 fortuna
680 1049 821 1135 sepulcri
906 1075 909 1078 ⁴

27 1143 29 1147 ’
89 1157 124 1206 oo
182 1139 298 1204 Mortis
321 1140 362 1206 ab
386 1144 530 1205 extrema
554 1139 743 1226 condicione
767 1142 893 1205 vacant.

136 1227 206 1293 Aut
228 1227 294 1293 illis
316 1229 449 1294 flamma
472 1235 528 1294 aut
551 1229 654 1294 imber
678 1228 835 1294 subducet
857 1227 1014 1311 honores,

182 1315 353 1382 Annorum
377 1321 434 1382 aut
456 1317 523 1383 ictu
545 1319 688 1402 pondera
711 1317 797 1382 victa
820 1319 923 1382 ruent.

137 1404 183 1470 At
204 1427 272 1472 non
293 1406 426 1492 ingenio
451 1407 634 1492 quaesitum
656 1427 776 1472 nomen
800 1405 841 1470 ab
866 1426 947 1472 aevo

183 1493 331 1561 Excidet:
355 1496 488 1582 ingenio
513 1498 579 1561 stat
601 1496 672 1561 sine
695 1497 799 1559 morte
823 1493 929 1560 decus.
965 1535 967 1538 <

485 1709 514 1771 2.
552 1706 613 1792 (IV
636 1705 677 1794 c.)

442 1826 489 1882 Ad
508 1827 709 1885 Maecenatem.

136 1936 306 2002 Maecenas
331 1957 428 2022 eques
450 1937 591 2004 Etrusco
615 1939 653 2003 de
677 1938 834 2023 sanguine
858 1957 987 2023 regum,

180 2025 271 2092 Intra
294 2025 458 2092 fortunam
483 2027 540 2111 qui
561 2027 653 2112 cupis
677 2048 747 2092 esse
770 2030 873 2110 tuam,

139 2114 223 2190 Quid
246 2136 299 2180 me
322 2115 483 2179 scribendi
506 2119 574 2180 tam
596 2118 727 2180 vastum
748 2114 852 2180 mittis
876 2114 910 2179 in
934 2115 1080 2199 aequor?

182 2201 259 2268 Non
283 2205 359 2266 sunt
382 2207 459 2286 apta
481 2224 572 2268 meae
596 2203 733 2290 grandia
755 2203 827 2269 vela
849 2202 921 2268 rati.

106 2289 243 2374 sTurpe
262 2293 324 2374 est,
343 2291 428 2375 quod
446 2312 603 2376 nequeas,
626 2292 725 2375 capiti
739 2292 941 2357 committere
959 2293 1090 2377 pondus

180 2378 225 2443 Et
246 2400 395 2463 pressum
418 2379 536 2446 inflexo
559 2402 635 2446 mox
657 2381 732 2446 dare
755 2383 848 2466 terga
871 2399 966 2465 genu.

137 2465 255 2533 Omnia
277 2490 344 2533 non
367 2469 489 2552 pariter
510 2491 619 2535 rerum
643 2473 719 2534 sunt
742 2469 894 2535 omnibus
918 2471 1011 2553 apta,

181 2555 281 2621 Fama
304 2578 363 2622 nec
386 2578 425 2622 ex
449 2580 551 2643 aequo
576 2558 703 2623 ducitur
725 2558 792 2622 ulla
815 2557 900 2643 iugo.

139 2643 252 2709 Gloria
274 2643 418 2731 Lysippo
443 2649 493 2712 est
515 2647 662 2712 animosa
684 2645 838 2731 effingere
862 2646 971 2731 signa,

93 2750 126 2798 ιο
185 2733 317 2799 Exactis
342 2731 485 2800 Calamis
510 2757 545 2800 se
568 2735 647 2800 mihi
669 2735 770 2800 iactat
793 2732 897 2819 equis,

137 2821 177 2886 In
201 2821 336 2888 Veneris
360 2824 473 2888 tabula
496 2846 656 2890 summam
680 2823 744 2889 sibi
766 2823 860 2907 ponit
882 2821 1030 2907 Apelles,

184 2910 375 2977 Parrhasius
398 2933 500 2995 parva
523 2912 665 2978 vindicat
687 2915 757 2977 arte
780 2913 899 2995 locum,

140 2998 345 3086 Argumenta
368 3001 474 3086 magis
499 3005 576 3066 sunt
597 3000 754 3067 Mentoris
778 3000 889 3066 addita
912 3000 1053 3084 formae,

186 3087 232 3152 At
253 3087 349 3173 Myos
373 3091 525 3176 exiguum
548 3090 649 3156 flectit
672 3090 830 3155 acanthus
853 3088 929 3168 iter,

89 3191 123 3242 15
139 3176 312 3242 Phidiacus
335 3178 430 3262 signo
454 3200 488 3243 se
512 3178 658 3265 Iuppiter
681 3181 777 3244 ornat
799 3178 937 3261 eburno,
1037 3186 1042 3193 '

105 3290 119 3318 ³·
184 3265 365 3330 Praxitelen
388 3268 522 3350 propria
544 3266 686 3333 vindicat
708 3267 788 3332 urbe
811 3266 906 3350 lapis.

137 3354 199 3419 Est
223 3354 341 3440 quibus
364 3354 464 3419 Eleae
487 3356 650 3421 concurrit
672 3356 783 3439 palma
806 3354 997 3439 quadrigae,

182 3443 245 3510 Elst
268 3442 387 3529 quibus
411 3444 446 3509 in
469 3445 588 3510 celeres
611 3444 718 3530 gloria
739 3447 818 3509 nata
840 3442 952 3529 pedes3
