2384 3848
78 191 123 256 54
446 191 495 246 ΙΠ.
514 188 720 246 LVORETIVS

150 336 212 400 Est
235 339 268 401 et
290 335 467 403 Athenaeis
490 337 525 400 in
548 335 730 419 moenibus,
754 335 836 400 areis
856 335 895 400 ¹in
916 335 988 419 ipsc

150 425 293 508 Vertice‚
316 424 459 505 Palladis
483 425 524 490 cd
547 426 704 509 templum
728 424 905 491 Tritonidis
927 424 1047 508 almae,

149 513 220 591 Quo
244 535 420 599 numquam
443 514 558 598 pennis
582 515 748 598 appellunt
770 535 908 597 corpora
929 534 1047 578 raucae

102 617 134 666 15
150 602 317 685 Gemmas,
339 624 406 668 non
430 623 502 667 oum
524 603 654 669 fumant
676 602 793 668 attaris
816 603 922 667 donia:

148 690 260 776 Vsque
284 691 363 756 adeo
386 690 531 777 fugitant
552 713 620 756 non
643 693 709 757 iras
732 691 875 756 Palladis
898 691 981 756 acris

147 779 303 866 Pervigili
326 801 436 864 causa,
460 779 593 846 Graium
616 786 654 846 ut
676 781 820 846 cecinere
843 782 972 865 poetae,

150 866 213 933 sed
235 872 353 935 natura
375 870 438 937 looi
462 872 577 953 sponte
601 869 701 935 efficit
723 870 796 953 ipsa
818 872 941 953 suapte.

67 1021 70 1025 .
147 956 187 1022 In
210 955 303 1042 Syna
326 980 454 1043 quoque
477 958 580 1023 fertur
602 959 681 1024 item
703 958 794 1023 loeus
818 979 888 1023 esse
910 957 1026 1040 videri,

100 1063 134 1111 20
150 1044 368 1131 Quadripedes
391 1068 519 1132 quoque
539 1069 602 1132 quo
627 1047 762 1112 simulac
780 1046 920 1132 vestigia
939 1046 1081 1130 primum

129 1133 336 1219 intulerint,
360 1135 504 1219 graviter
525 1137 575 1199 vis
599 1139 696 1221 cogat
719 1135 886 1200 concidere
908 1136 995 1218 ipsa,

149 1221 300 1288 Manibus
324 1227 360 1287 ut
384 1225 412 1289 si
435 1224 501 1288 sint
525 1223 606 1289 divis
630 1227 771 1291 mactata
793 1227 934 1309 repente.

18 1342 19 1345 ¹
151 1309 268 1376 Omnia
291 1334 371 1396 quae
394 1312 536 1378 naturali
559 1313 685 1378 ratione
708 1316 872 1399 geruntur,

148 1398 194 1464 Et
217 1401 334 1485 quibus
357 1401 472 1466 efflant
494 1401 600 1466 causis
623 1405 760 1486 apparet
782 1401 888 1484 origoq

100 1505 134 1554 25
148 1488 252 1554 Ianua
274 1511 316 1555 ne
338 1489 422 1555 forte
444 1490 497 1555 his
520 1488 596 1555 Orci
618 1490 805 1576 regionibus
829 1510 899 1554 esse

152 1577 318 1661 Credatur,
340 1579 516 1663 posthinc
540 1580 666 1644 animas
690 1578 887 1644 Achemntis
909 1578 945 1642 in
967 1587 1043 1643 oras

148 1664 274 1731 Ducere
297 1665 381 1732 forte
405 1667 482 1732 deca
506 1668 612 1733 manis
636 1667 761 1732 inferne
783 1688 922 1750 reamur,

150 1753 293 1820 Naribus
317 1754 458 1840 alipedes
482 1759 519 1820 ut
541 1757 627 1820 oervi
650 1777 745 1840 saepe
768 1759 926 1840 putantur

150 1842 274 1907 Ducere
298 1843 337 1908 de
360 1843 495 1908 latebris
520 1845 682 1929 serpentia
705 1845 814 1909 saecla
835 1844 987 1908 ferarum.

101 1947 136 1995 30
151 1929 244 2007 Quod
266 1933 424 2020 precata
448 1955 643 2018 veroquam
666 1934 711 1998 sit
732 1933 859 1998 ratione
882 1930 1050 2016 repulsum

150 2019 295 2105 Percipe:
319 2042 395 2086 nam
420 2021 458 2087 de
481 2043 516 2086 re
538 2044 625 2086 nunc
647 2022 721 2107 ipae
743 2022 847 2086 dicere
871 2042 978 2086 conor.

194 2109 357 2193 Principio
377 2110 439 2175 hoc
458 2110 538 2193 dico,
562 2110 647 2195 quod
666 2111 733 2175 dixi
749 2131 844 2194 caepe
863 2130 990 2194 quoque
1011 2110 1102 2189 ante,

150 2196 190 2260 In
212 2201 299 2261 terra
322 2198 475 2282 cuiusque
499 2197 587 2263 modi
609 2220 717 2263 rerum
740 2220 810 2264 esse
832 2199 968 2283 figuras3

150 2284 270 2369 Multa,
293 2285 365 2350 cibo
389 2307 471 2371 quae
494 2289 585 2371 sunt,
603 2287 728 2371 vitalia,
751 2287 929 2372 multaque,
954 2284 1086 2350 morbos

103 2373 300 2438 351ncutere
323 2377 356 2439 et
378 2379 517 2440 mortem
541 2397 624 2460 quae
646 2375 776 2460 possint
798 2375 986 2440 accelerare.

150 2461 197 2527 Et
219 2463 324 2548 magis
348 2485 417 2529 esse
441 2464 513 2529 aliis
539 2465 619 2530 alias
644 2464 865 2529 animantibus
889 2467 982 2547 aptas

151 2549 215 2616 Res
239 2551 281 2616 ad
303 2548 383 2617 vitai
406 2553 567 2618 rationem
590 2552 791 2619 ostendimus
815 2555 891 2616 ante

152 2639 290 2724 Propter
313 2641 504 2706 dissimilem
526 2644 678 2707 naturam
702 2640 930 2724 dissimilisque

152 2726 312 2792 'texturas
335 2729 421 2795 inter
443 2751 513 2795 sese
535 2731 720 2815 primasque
743 2730 876 2814 figuras.

101 2831 137 2880 40
151 2815 256 2882 Multa
279 2821 389 2883 meant
411 2817 541 2883 inimica
563 2840 621 2903 per
644 2819 745 2904 auris,
768 2819 871 2882 multa
894 2837 952 2900 per
973 2815 1066 2900 ipsas

152 2905 327 2971 Insinuant
347 2907 434 2972 naris
458 2906 578 2972 infesta
600 2911 698 2992 atque
720 2928 837 2991 aspera
860 2905 991 2990 adactu,

152 2990 220 3059 Nec
244 2999 321 3060 sunt
342 2996 446 3061 multa
468 3017 584 3080 parum
607 2999 698 3062 tactu
716 2995 850 3062 vitanda
867 3015 974 3078 neque
994 2996 1104 3058 autem

153 3079 318 3166 Adspectu
340 3083 495 3169 fugienda
517 3096 695 3170 saporeque
718 3084 826 3149 tristia
849 3103 932 3168 quae
961 3081 1039 3147 sint.

198 3169 322 3236 Deinde
345 3172 453 3238 videre
471 3173 548 3239 licet
565 3195 663 3258 quam
681 3173 804 3238 multae
823 3173 889 3238 sint
907 3169 1036 3235 homini
1054 3189 1103 3234 ras

102 3273 139 3322 45
154 3258 282 3324 Acriter
303 3259 442 3326 infestae
465 3284 563 3327 sensu
586 3283 784 3347 spurcaeque
808 3280 1001 3345 gravesque3

41 3402 44 3407 .
153 3347 335 3413 Arboribus
358 3349 499 3434 primum
523 3351 620 3416 certis
643 3351 752 3435 gravis
775 3350 892 3414 umbra
913 3347 1041 3413 tributo

32 3402 62 3543 ι)
153 3435 265 3522 Vsque
289 3437 382 3524 adeo,
405 3439 521 3522 capitis
544 3439 668 3506 faciant
690 3442 729 3504 ut
752 3460 847 3522 saepe
873 3437 1018 3520 dolores,
