2384 3848
129 181 172 246 10
500 181 549 236 ΙΙΙ.
569 179 772 236 LVCRETIVS

264 326 351 391 Illud
373 326 408 390 in
430 325 482 390 his
505 326 601 392 rebus
624 347 745 411 vereor,
767 347 809 391 ne
831 326 915 390 forte
939 326 1039 392 rearis

145 429 179 480 11
192 414 287 500 Inpia
309 418 342 480 te
364 414 502 480 rationis
525 414 607 480 inire
631 415 791 480 elementa
814 414 965 499 viamque

192 503 367 589 Indugredi
391 503 529 568 sceleris.
567 503 653 588 quod
676 507 789 569 contra
812 504 941 588 saepius
964 503 1022 568 1111

195 591 325 677 Religio
349 593 476 677 peperit
498 592 657 658 scelerosa
680 595 777 677 atque
799 592 890 677 inpia
911 593 1007 658 facta.

195 680 316 747 Aulide
341 702 403 766 quo
428 683 523 765 pacto
547 679 670 745 Triviai
692 681 830 767 virginis
853 703 943 746 111111
1066 700 1071 710 ·

192 769 444 854 Iphianassai
466 773 641 854 turparunt
665 770 822 855 sanguine
844 770 938 835 foede
1044 791 1047 795 ·

142 873 179 924 80
193 857 352 933 Ductores
375 858 526 924 Danaum
549 858 677 941 delecti,
701 859 807 942 prima
829 859 980 924 virorum:

193 945 253 1014 Oui
276 948 373 1013 simul
395 947 499 1012 infula
522 947 685 1032 virgineos
709 947 910 1012 circumdata
933 950 1081 1032 comptus

191 1035 243 1101 Ex
266 1040 402 1120 utraque
425 1036 498 1119 pari
520 1036 681 1101 malarum
704 1040 797 1120 parte
820 1035 953 1120 profusa
976 1039 1039 1120 est,

133 1127 137 1134 '
192 1123 238 1189 111
259 1129 419 1189 maestum
443 1125 638 1189 simulante
662 1146 734 1189 aras
757 1124 886 1190 adstare
909 1127 1078 1208 parentem

194 1211 316 1297 Sensit,
339 1216 371 1277 et
393 1212 480 1278 hune
503 1217 638 1297 propter
659 1212 783 1278 ferrum
806 1213 911 1278 111111
934 1213 1118 1296 ministros,

143 1315 179 1367 so
193 1301 423 1387 Adspectuque
446 1321 505 1366 suo
528 1301 679 1366 lacrimas
704 1301 867 1366 effundere
891 1301 985 1385 11111,

192 1389 285 1455 Muta
308 1394 396 1455 metu
418 1392 541 1454 terram
564 1389 702 1475 genibus
726 1390 888 1455 submissa
910 1389 1056 1475 petebat:

192 1479 262 1545 Nec
285 1480 422 1544 miserae
446 1479 598 1563 prodesse
621 1479 656 1542 in
677 1479 737 1544 tali
759 1482 907 1564 tempore
931 1478 1046 1565 quibat

194 1567 287 1644 Quod
310 1568 416 1652 patrio
440 1568 592 1652 princeps
616 1566 754 1633 donarat
775 1567 906 1633 nomine
929 1588 1055 1653 regem:

116 1734 117 1738 Ἰ
193 1655 278 1722 Nam
294 1657 422 1721 sublata
435 1655 539 1720 virum
557 1656 708 1721 manibus
727 1655 995 1740 tremibundaque
1015 1655 1056 1720 ad
1071 1677 1144 1721 aras

141 1759 178 1810 90
192 1742 339 1809 Deducta
362 1747 426 1827 111,
449 1765 516 1809 non
540 1748 577 1808 ut
600 1744 751 1809 sollemni
773 1767 864 1810 more
887 1765 1053 1811 sacrorum

193 1832 340 1898 Perfecto
363 1835 475 1917 posset
501 1833 587 1898 claro
612 1833 761 1898 comitari
783 1833 983 1918 Hymenaeo,

193 1919 256 1987 Sed
278 1924 369 1988 casta
392 1922 527 2006 inceste,
550 1921 694 1987 nubendi
716 1925 862 2006 tempore
885 1921 1025 2005 inipso,

191 2009 310 2077 Hostia
333 2010 517 2076 concideret
538 2014 681 2076 mactatu
704 2014 831 2076 maesta
852 2011 1010 2094 parentis,

193 2098 311 2165 Exitus
333 2104 371 2163 ut
394 2099 491 2165 classi
512 2099 591 2164 felix
613 2100 802 2184 faustusque
826 2099 965 2164 daretur.

142 2202 179 2252 15
194 2186 334 2252 Tantum
358 2186 473 2271 religio
496 2187 606 2271 potuit
627 2187 760 2253 suadere
783 2188 953 2254 malorum.

260 2274 411 2340 Tutemet
434 2297 453 2340 a
475 2275 570 2341 nobis
592 2277 657 2341 iam
681 2277 795 2361 quovis
817 2280 962 2360 tempore
985 2279 1116 2341 vatum

193 2363 434 2448 Terriloquis
452 2365 580 2430 1111111
599 2363 716 2430 dictis
736 2364 952 2431 desciscere
971 2385 1143 2450 quaeres.

192 2451 317 2537 Quippe
341 2453 459 2518 etenim
479 2475 575 2538 quam
588 2454 693 2519 multa
706 2453 767 2519 tibi
786 2455 853 2518 iam
866 2454 989 2539 fingere
1003 2458 1144 2537 possunt

192 2539 339 2626 Somnia,
363 2563 444 2627 quae
467 2543 554 2608 11111
576 2542 719 2608 rationes
742 2545 867 2608 1111111
889 2540 1017 2626 possint

125 2645 178 2696 100
192 2629 416 2716 Fortunaeque
439 2636 513 2696 tuas
537 2631 643 2697 omnis
665 2631 797 2696 turbare
819 2631 950 2696 timore!

190 2719 236 2784 Et
259 2720 388 2784 merito:
411 2741 489 2784 nam
512 2719 540 2784 si
563 2723 685 2784 certam
708 2719 806 2784 finem
829 2741 899 2784 esse
921 2718 1069 2784 ¹viderent

190 2807 427 2874 Aerumnarum
449 2808 612 2891 homines,
635 2808 744 2893 aliqua
766 2809 894 2874 rationo
914 2808 1062 2872 valerent

191 2895 418 2981 Religionibus
442 2900 540 2982 atque
563 2896 662 2961 minis
685 2896 843 2962 obsistere
865 2899 991 2961 vatum:

192 2982 288 3049 Nunc
311 2986 395 3051 ratio
418 2985 509 3051 nulla
532 2988 583 3050 est
603 2985 762 3069 restandi,
784 2985 875 3050 nulla
897 2984 1052 3069 facultas,

126 3087 176 3138 105
190 3072 350 3138 Aeternas
372 3075 526 3159 quoniam
549 3094 672 3159 poenas
694 3074 730 3139 in
752 3077 857 3139 morte
879 3072 1060 3138 timendum
1083 3078 1143 3140 est.

192 3159 369 3244 Ignoratur
391 3163 477 3227 enim
501 3184 583 3247 quae
607 3164 651 3228 sit
672 3167 791 3229 natura
813 3162 949 3245 animai,

191 3245 280 3314 Nata
301 3248 359 3333 sit,
382 3271 425 3314 an
448 3255 563 3317 contra
584 3252 793 3328 nascentibus
815 3251 1006 3334 insinuetur,

190 3337 235 3404 Et
258 3337 353 3404 simul
376 3338 517 3404 intereat
538 3341 708 3406 nobiscum
731 3343 836 3406 morte
859 3341 1041 3424 perempta,

191 3428 245 3492 An
268 3427 419 3493 tenebras
443 3426 517 3494 Orci
541 3429 626 3496 visat
649 3433 820 3514 vastasque
844 3429 992 3513 lacunas,
