2384 3848
407 807 765 884 PRAEFATIO.

536 985 644 994 ——-—-

148 1108 244 1174 Anno
258 1106 544 1174 MDOGOLXXIX
557 1112 699 1174 rectores
715 1108 960 1194 gymnasiorum
973 1078 1097 1175 Baden-

82 1199 167 1262 sium
195 1221 268 1264 cum
292 1198 444 1282 auspiciis
475 1198 617 1263 virorum
646 1219 858 1282 summorum,
891 1199 947 1283 qui
973 1198 1035 1264 hac
1062 1200 1098 1274 in

78 1289 166 1352 terra
197 1287 294 1352 rebus
323 1287 524 1352 scholasticis
554 1289 724 1370 praesunt,
757 1289 952 1352 conventum
976 1284 1098 1353 Caroli·

79 1376 180 1440 ruhae
216 1376 388 1459 haberent,
424 1376 509 1439 inter
542 1375 606 1440 alia
639 1375 679 1439 ad
711 1374 868 1439 educandi
900 1375 1097 1461 docendique

79 1465 222 1529 rationes
249 1464 446 1548 pertinentia
468 1463 553 1528 hane
577 1485 704 1549 quoque
732 1463 928 1528 sententiam
956 1463 1097 1530 deelara-

79 1556 208 1637 verunt,
243 1554 323 1618 utile
355 1574 413 1618 nee
443 1552 571 1617 difficile
601 1552 691 1618 factu
718 1552 820 1617 videri
848 1552 1029 1636 discipulos
1056 1554 1097 1619 ad

80 1641 232 1706 notitiam
264 1641 426 1727 quandam
459 1663 570 1706 eorum
590 1645 770 1725 ,poetarum
802 1644 872 1705 tam
900 1640 1097 1707 Graecorum

80 1752 178 1814 quam
192 1730 382 1796 Latinorum
406 1730 576 1812 adducere,
599 1731 655 1816 qui
674 1730 735 1794 etsi
755 1751 882 1794 summa
903 1731 1102 1796 excellerent

79 1819 158 1883 artis
181 1819 397 1902 praestantia,
421 1818 536 1883 deinde
560 1819 601 1883 ad
623 1819 744 1884 multas
766 1821 876 1902 partes
900 1819 986 1884 vitae
1009 1823 1095 1885 vete·
1151 1896 1156 1905 ι

79 1929 151 1972 rum
183 1908 302 1973 rectius
334 1907 573 1991 perspiciendas
610 1928 764 1992 magnam
792 1928 887 1990 saepe
919 1908 1096 1972 utilitatem

77 1997 282 2079 praeberent,
295 2000 464 2080 praeterea
482 1995 570 2061 haud
586 2018 661 2061 raro
679 1995 860 2060 imitatione
879 1996 1096 2080 posteriorum

78 2087 221 2149 aetatum
245 2085 447 2170 aliarumque
474 2085 645 2151 nationum
671 2084 819 2168 usurpati
846 2106 884 2149 ac
907 2106 993 2150 nova
1014 2087 1096 2150 tam-

77 2194 174 2256 quam
197 2173 266 2238 vita
289 2174 401 2239 donati
425 2177 547 2255 essent,
576 2176 688 2239 tamen
716 2196 735 2237 a
757 2173 888 2256 publico
912 2173 1095 2249 scholarum

78 2283 140 2325 usu
163 2262 290 2326 excludi
314 2262 465 2336 solerent,
504 2261 588 2326 Eum
613 2266 721 2326 autem
745 2261 786 2324 ad
809 2282 903 2327 usum
925 2261 1096 2327 instituen-

75 2349 153 2414 dum
180 2350 214 2413 id
241 2351 319 2414 viris
353 2351 418 2415 illis
450 2371 531 2433 opus
565 2371 633 2415 esse
660 2350 843 2433 videbatur,
875 2354 913 2414 ut
940 2350 1095 2435 quoniam

76 2437 154 2502 talis
178 2438 261 2502 liber
284 2438 413 2524 qualem
437 2438 559 2503 vellent
587 2460 654 2504 non
682 2440 837 2520 exstaret,
866 2439 1011 2503 carmina
1038 2438 1094 2503 ali·

77 2529 159 2610 quot
185 2526 315 2592 illorum
343 2531 525 2625 poetarum,
558 2549 640 2613 quae
671 2526 799 2611 quidem
828 2526 929 2601 aetati
960 2527 1095 2601 iuvenili
1115 2544 1134 2553 ’·

76 2617 155 2698 apta
174 2618 291 2699 essent,
309 2615 507 2701 eligerentur
526 2619 623 2701 atque
642 2636 681 2679 ea
699 2614 927 2679 exhiberentur
944 2614 1094 2701 editione,

75 2705 116 2766 ut
143 2725 209 2768 non
237 2705 432 2787 explanandi
458 2725 556 2769 causa
589 2704 787 2769 subiceretur
814 2702 997 2768 adnotatio:
1032 2704 1095 2770 hoc

79 2791 167 2855 enim
186 2813 289 2876 genus
303 2792 495 2876 editionum,
518 2814 581 2877 quo
597 2814 714 2857 munus
733 2792 921 2876 interpretis
936 2793 1094 2876 magistro

77 2879 244 2964 integrum
267 2885 422 2964 servatur,
445 2882 561 2947 merito
584 2903 669 2946 nunc
693 2880 733 2944 ad
751 2903 846 2945 usum
864 2881 1051 2959 scholarum
1075 2904 1094 2946 a

71 2968 237 3053 plerisque
260 2970 399 3034 maxime
419 2971 583 3053 probatur.
613 2968 665 3034 Ita
679 2969 800 3034 factum
816 2973 880 3054 est,
902 2973 940 3034 nt
954 2968 1093 3035 Gusta-

70 3078 141 3121 vus
163 3056 298 3142 Uhlig,
320 3062 436 3123 rector
469 3058 633 3144 gymnasii
666 3057 772 3123 nostri
799 3057 1120 3143 Heidelbergensis,¹

71 3161 126 3210 me
147 3145 262 3225 adiret,
286 3150 322 3211 ut
340 3169 413 3212 cum
430 3170 508 3213 usus
523 3147 698 3231 discipulos
718 3147 920 3230 superiorum
940 3146 1092 3212 classium

10 3250 12 3257 ’
70 3233 192 3299 Latine
208 3235 344 3300 docendi
364 3236 440 3320 qnid
460 3236 500 3301 ad
518 3235 774 3322 intellegentiam
793 3235 1009 3321 iudiciumque
1023 3235 1092 3300 eius

74 3324 196 3388 aetatis
220 3324 497 3398 accommodatum
526 3329 612 3390 esset
633 3325 713 3390 mihi
737 3325 934 3408 ostenderet,
962 3345 1093 3406 operam
