2384 3848
465 155 499 210 v.
519 153 695 211 rrnvunvs
792 143 796 147 ’
1047 154 1090 226 ro

140 295 253 362 Gentis
276 297 462 382 Aquitanae
486 298 610 364 celeber
632 297 785 365 Messalla
808 299 981 384 triumphis

167 382 230 452 'Et
253 407 373 472 magna
395 387 534 453 intonsis
558 387 663 472 gloria
686 387 791 453 victor
814 387 899 471 avis,

139 472 214 545 Huc
237 475 313 541 ades
337 475 529 559 adspiraque
552 475 647 559 mihi,
671 475 747 540 dum
771 476 912 541 carmine
934 479 1049 545 nostro

184 561 342 628 Redditur
365 565 515 648 agricolis
538 563 645 648 gratia
668 563 847 630 caelitibus.

90 666 125 716 aa
139 650 229 717 Rura
252 673 332 717 cano
355 653 503 736 rurisque
526 652 612 724 deos.
647 651 700 717 his
723 652 793 717 vita
815 653 981 737 magistris

184 738 342 804 Desuevit
364 762 486 825 querna
508 741 628 824 pellere
651 741 767 825 glande
790 739 925 812 famem:

138 826 193 892 Illi
215 827 404 912 compositis
426 831 567 913 primum
590 829 726 895 docuere
749 829 863 913 tigillis

183 915 345 1001 Exiguam
366 917 463 983 viridi
485 917 600 983 fronde
623 918 749 1001 operire
771 917 915 1002 domum,

136 1003 192 1069 Illi
215 1006 313 1070 etiarn
336 1008 449 1071 tauros
471 1006 569 1089 primi
591 1006 737 1075 docuisse
759 1004 908 1072 feruntur

88 1108 124 1158 40
184 1091 358 1159 Servitium
383 1097 416 1159 et
437 1095 583 1178 plaustro
607 1094 816 1179 supposuisse
839 1097 955 1161 rotam.

138 1179 230 1251 Tune
252 1183 356 1248 rictus
380 1182 487 1253 abiere
510 1183 583 1266 feri,
605 1186 684 1249 tunc
707 1183 832 1249 consita
854 1204 984 1267 pomus,

183 1269 275 1351 Tunc
297 1270 382 1337 bibit
403 1271 550 1356 inriguas
572 1271 689 1337 fertilis
712 1270 827 1337 hortus
851 1292 963 1356 aquas,

137 1358 249 1432 Aurea
270 1362 350 1425 tunc
370 1381 502 1444 pressos
524 1359 662 1443 pedibus
685 1359 774 1425 dedit
796 1381 860 1424 ura
881 1360 1021 1446 liquores

184 1445 351 1533 Mixtaque
375 1469 488 1513 securo
511 1451 561 1513 est
583 1447 695 1513 sobria
715 1446 850 1531 lympha
873 1469 972 1515 merc.

87 1549 123 1598 45
138 1534 228 1605 Rura
249 1535 361 1601 ierunt
383 1558 519 1620 messes,
543 1537 639 1606 calidi
662 1557 735 1601 cum
759 1534 872 1604 sideris
896 1540 988 1603 aestu

183 1622 327 1709 Deponit
349 1624 450 1691 flavas
474 1647 581 1691 annua
602 1628 691 1690 terra
714 1645 832 1691 comas.

139 1709 226 1778 Rure
248 1713 329 1777 levis
352 1735 452 1779 verno
475 1713 571 1779 flores
595 1714 665 1798 apis
688 1713 809 1797 ingerit
832 1712 936 1798 alveo,

184 1797 355 1885 Compleat
377 1805 415 1866 ut
437 1803 522 1869 dulci
546 1801 657 1867 sedula
679 1801 774 1866 melle
798 1800 898 1866 favos.

137 1886 294 1976 Agricola
316 1890 450 1954 adsiduo
473 1887 614 1975 primum
639 1891 776 1955 satiatus
799 1892 908 1954 aratro

88 1989 124 2041 50
185 1974 337 2043 Oantarit
359 1982 448 2044 certo
470 1979 593 2043 rustica
616 1978 716 2043 verba
736 1976 817 2062 pede

137 2064 184 2131 Et
206 2069 296 2130 satur
319 2067 424 2131 arenti
445 2068 587 2151 primum
610 2069 660 2130 est
682 2065 865 2130 modulatus
889 2086 992 2130 avena

183 2151 334 2239 Carmen,
356 2158 395 2219 ut
417 2160 550 2221 ornatos
573 2154 694 2220 diceret
716 2156 792 2218 ante
816 2152 905 2238 deos,

137 2241 293 2328 Agricola
316 2245 350 2306 et
372 2244 473 2309 minio
497 2244 650 2328 suffusus,
673 2243 814 2321 Bacche,
835 2243 966 2308 rubenti

183 2330 311 2401 Primus
334 2332 506 2415 inexperta
526 2332 618 2402 duxit
640 2332 682 2396 ab
705 2335 773 2397 arte
796 2329 921 2395 choros.

90 2431 124 2482 aa
138 2418 223 2483 Huic
247 2419 341 2491 datus
365 2442 384 2484 a
407 2421 518 2504 plene,
541 2419 752 2486 memorabile
775 2440 907 2503 munus,
931 2419 1008 2485 ovili

184 2505 259 2573 Dux
280 2509 420 2592 pecoris:
444 2512 551 2574 curtas
575 2511 710 2575 auxerat
730 2507 840 2571 hircus
866 2528 952 2589 opes.

140 2594 227 2660 Rure
248 2619 330 2681 puer
351 2618 450 2663 verno
473 2597 614 2681 primum
638 2596 677 2660 de
700 2594 778 2671 flore
802 2615 955 2659 coronam

183 2681 274 2749 Fecit
297 2691 329 2750 et
354 2686 495 2770 antiquis
518 2685 662 2771 inposuit
683 2683 830 2749 Laribus.

138 2771 227 2841 Rure
250 2773 348 2838 ctiam
370 2775 491 2840 teneris
516 2796 626 2839 curam
649 2772 834 2837 exhibitura
855 2771 972 2856 puellis

92 2875 124 2925 60
183 2860 283 2929 Molle
306 2863 392 2947 gerit
412 2866 505 2948 tergo
527 2863 635 2928 lucida
655 2862 760 2927 vellus
783 2861 861 2926 oris.

138 2948 225 3015 Hine
248 2956 282 3015 et
303 2951 462 3019 femineus
485 2951 578 3017 labor
601 2953 664 3033 est,
692 2950 769 3015 hinc
796 2970 898 3034 pensa
921 2949 1087 3035 colusque,

184 3036 288 3103 Fusus
312 3041 346 3102 et
368 3040 518 3124 apposito
541 3040 657 3123 pollice
680 3040 789 3103 versat
812 3059 905 3120 opus:

138 3125 249 3212 Atque
273 3127 380 3211 aliqua
403 3127 555 3193 adsiduae
577 3127 696 3193 textrix
720 3129 855 3210 operata
877 3125 1043 3193 Minervae

184 3213 318 3299 Oantat,
340 3219 374 3282 ct
397 3217 554 3300 applauso
577 3217 643 3281 tela
666 3218 762 3281 sonat
784 3214 894 3280 latere.

91 3317 124 3369 ot
138 3303 213 3389 Ipse
235 3303 384 3389 interque
407 3325 522 3390 greges
544 3305 692 3390 interque
716 3307 863 3370 armenta
886 3301 1012 3385 Cupido

184 3392 293 3458 Natus
317 3398 350 3458 et
372 3393 546 3459 indomitas
569 3392 686 3458 dicitur
709 3393 795 3458 inter
818 3414 927 3476 equas.
