2384 3848
87 174 152 238 124
446 176 519 232 VIII.
538 173 739 230 MARTIALIS

153 319 232 384 ‘Illa
253 324 364 385 tamen
386 321 522 386 laudant
544 341 670 402 omnes,
692 319 865 403 mirantur,
888 314 1047 382 adorant'

105 425 138 473 10
198 405 377 474 Confiteor:
400 409 537 476 laudant
559 408 629 493 illa,
652 407 708 472 sed
730 407 796 472 ista
817 407 938 492 legunt.

363 552 366 558 ’
501 569 529 634 5·
563 565 675 654 (1⁹1.)

248 670 337 726 Poeta
354 671 391 725 ad
409 672 630 741 vituperatorem
648 669 803 726 carminum
822 685 943 724 suorum.

156 760 237 828 Oum
260 765 317 827 tna
339 784 407 829 non
429 762 521 846 edas,
543 763 649 845 carpis
671 783 744 826 mea
767 761 924 843 carmina,
946 758 1049 823 Laeli.

199 847 339 935 Carpere
362 852 412 916 vel
435 852 505 916 noli
526 852 640 915 nostra
663 850 714 914 vel
737 849 795 914 ede
817 851 883 920 rua.

501 1011 531 1075 6.
563 1006 595 1095 (I
618 1007 693 1095 110.)

541 1110 646 1167 Simile.

155 1201 301 1267 Scribere
323 1225 375 1268 me
398 1203 554 1288 quereris,
576 1201 697 1286 Velox,
720 1203 955 1288 epigrammata
976 1203 1091 1288 longa.

199 1289 274 1375 Ipse
297 1291 379 1355 nihil
403 1291 530 1357 scribis:
553 1295 590 1357 tu
612 1290 761 1357 breviora
783 1290 872 1356 facis.

498 1453 527 1515 r.
558 1447 700 1536 (vna.)

442 1555 487 1608 Ad
505 1554 611 1609 malurn
629 1553 752 1623 poetam.

21 1687 23 1692 ·
157 1643 224 1710 Our
245 1666 312 1710 non
334 1645 430 1709 mitto
454 1666 544 1709 meos
566 1644 645 1728 tibi,
667 1642 865 1728 Pontiliane,
887 1643 1039 1710 libellos?

198 1732 249 1799 Ne
272 1733 352 1797 mihi
375 1737 411 1798 tu
434 1733 560 1816 mittas,
582 1732 783 1818 Pontiliane,
805 1735 890 1798 tuos.

498 1893 527 1956 8.
560 1889 621 1976 (IV
646 1888 703 1971 aa.)

541 1994 647 2050 simile.

155 2084 285 2170 Exigis,
307 2089 344 2149 ut
366 2084 482 2151 donem
504 2090 634 2151 nostros
656 2085 731 2163 tibi,
755 2084 887 2169 Quinte,
909 2085 1047 2151 libellos.

199 2171 277 2237 Non
298 2173 418 2256 habeo,
441 2173 497 2238 sed
520 2173 621 2239 habet
643 2175 822 2259 bibliopola
844 2172 1011 2258 Tryphon.

154 2259 234 2325 ‘Aes
258 2260 342 2326 debe
365 2281 425 2345 pro
444 2261 540 2346 nugis
564 2264 721 2327 eternam
739 2267 796 2328 tua
816 2263 962 2327 carmine
981 2261 1107 2328 sanus?

199 2347 289 2414 Non'
312 2349 420 2434 inquis
444 2347 573 2414 ‘facicm
595 2353 664 2415 tarn
687 2349 798 2416 fatue?
834 2372 893 2416 nec
916 2371 987 2436 ego.

502 2511 532 2574 9.
565 2508 611 2593 (V
634 2506 692 2595 oc.)

362 2612 406 2666 Ad
425 2613 633 2683 tragoediarum
652 2612 826 2683 scriptorem.

154 2702 309 2770 Colchida
324 2703 400 2788 quid
415 2703 544 2786 scribis,
558 2702 635 2788 quid
650 2704 778 2788 scribis,
792 2704 905 2787 amice,
914 2704 1107 2788 Thyesten?

199 2792 270 2869 Quo
292 2792 353 2856 tibi
375 2793 428 2856 vel
450 2790 594 2870 Nioben,
615 2791 734 2879 {Bassa
756 2793 808 2857 vel
831 2791 1107 2858 Andromachen?

154 2881 292 2947 Materia
316 2885 379 2965 est,
402 2879 483 2945 mihi
506 2880 611 2960 crede,
634 2881 700 2944 tuis
724 2881 894 2965 aptissimo
915 2881 1038 2947 chortis

198 2970 391 3054 Deucalion,
413 2970 465 3034 vel
488 2969 517 3034 si
538 2990 606 3033 non
629 2969 740 3054 placet
761 2968 829 3054 hic,
851 2969 1032 3036 Phaethon.

483 3128 533 3194 10.
566 3126 631 3215 (111
654 3127 696 3215 s.)

206 3203 295 3287 Poeta
313 3231 350 3286 ad
367 3231 511 3287 hominem
528 3230 681 3287 versiculos
699 3230 729 3286 in
748 3248 778 3287 se
793 3211 974 3288 scribentem.

152 3322 339 3390 Versiculos
362 3322 397 3386 in
419 3344 470 3386 me
492 3325 644 3388 narratur
667 3323 807 3388 scribere
830 3320 945 3388 Cinna

196 3413 273 3479 Non
296 3410 423 3495 scribit,
446 3411 535 3476 cuius
559 3412 703 3476 carmina
725 3430 821 3477 nemo
844 3411 934 3496 legit.
