2384 3848
450 159 498 215 111.
518 157 724 214 LVORETIVS
1051 158 1096 224 5⁹1

145 304 286 390 Spiritus
311 325 365 369 ore
388 304 475 369 foras
498 307 638 368 taetrum
663 304 816 369 volvebat
838 305 984 388 odorem,

143 392 293 460 Baucida
316 413 379 476 quo
402 393 551 477 perolent
573 393 718 476 proiecta
742 393 899 458 cadavera
922 394 997 458 ritu.

143 481 253 567 Atque
277 482 377 547 animi
400 503 549 565 prorsum
572 485 643 547 tum
666 482 751 546 vires
774 483 892 566 totius,
916 504 1011 547 omne

90 588 129 638 20
143 571 338 656 Languebat
360 591 489 653 eorpus,
512 570 570 634 leti
592 570 658 635 iam
682 570 793 635 limine
816 571 852 635 in
874 572 956 655 ipso.

143 657 472 742 Intolerabilibusque
495 658 591 723 malis
615 663 685 724 erat
709 659 823 725 anxius
848 680 949 745 angor

143 748 288 814 Adsidue
312 769 418 813 eomes
442 751 475 811 et
499 748 622 832 gemitu
646 747 821 813 commixta
844 747 995 831 querella.

146 835 380 922 Singultusque
403 836 555 921 frequens
578 839 706 902 noctem
730 857 788 920 per
812 851 907 920 saepe
931 835 1081 922 diemque

144 923 314 1010 Corripere
337 924 470 990 adsidue
492 946 609 990 nervos
633 928 666 988 et
687 925 834 989 membre
857 928 1009 990 coactans

94 1031 133 1082 25
145 1012 356 1081 D1ssolvebst
378 1035 446 1115 eqs,
471 1012 614 1078 defessos
638 1017 714 1078 ante
719 1013 903 1098 ,fatigans

146 1102 216 1168 Nec
238 1103 340 1167 nimio
364 1102 514 1186 cuiquam
537 1124 651 1186 posses
675 1063 827 1166 ardoret
812 1102 895 1166 tueri

146 1190 358 1276 Corporisin
323 1212 508 1255 msumuro
533 1213 692 1256 summam
715 1190 891 1255 fervescere
915 1194 1055 1276 partem,

147 1278 210 1346 Sed
233 1280 343 1364 potius
365 1279 511 1363 tepidum
534 1280 685 1344 manibus
709 1300 889 1363 proponere
913 1283 1036 1347 tactum

145 1368 191 1433 Et
214 1368 311 1434 simul
335 1367 496 1433 ulceribus
520 1369 612 1453 quasi
635 1368 753 1432 inustis
777 1388 872 1432 omne
895 1369 1011 1434 rubere

92 1473 130 1523 30
146 1455 285 1542 Corpus,
304 1460 341 1522 ut
359 1459 409 1522 est
427 1479 485 1540 per
502 1457 649 1521 membra
668 1477 758 1521 sacer
772 1455 849 1521 dum
863 1456 983 1521 diditur
999 1457 1097 1541 iguis.

145 1545 268 1611 Intima
290 1568 366 1630 pars
389 1545 557 1610 hominum
581 1566 657 1610 vero
680 1544 841 1630 flagrabat
863 1544 904 1610 ad
928 1568 1015 1631 ossa,
1095 1615 1097 1619 ,

144 1633 324 1719 Flagrabat
346 1633 513 1700 stomacho
537 1634 667 1699 flamma
689 1637 727 1698 ut
748 1633 934 1699 fornacibus
958 1635 1055 1700 intus.

145 1721 203 1789 Nil
227 1722 306 1788 adeo
329 1745 442 1808 posses
467 1722 616 1808 cuiquam
638 1723 708 1788 leve
731 1725 890 1808 tenveque
912 1723 1068 1788 membris

145 1811 280 1877 Vertere
298 1812 333 1876 in
350 1811 539 1895 utilitatem,
563 1817 598 1877 at
615 1816 748 1877 ventum
767 1815 800 1888 et
817 1811 941 1897 frigora
960 1833 1097 1897 semper.

92 1916 129 1967 35
144 1900 184 1965 In
207 1901 322 1966 fluvios
345 1900 465 1985 partim
489 1900 613 1986 gelidos
637 1901 784 1965 ardentia
806 1902 920 1966 morbo

143 1987 293 2054 Membra
316 1988 450 2072 dabant,
473 1988 596 2054 nudum
619 1988 773 2053 iacientes
792 2009 908 2071 corpus
927 1989 963 2053 in
981 1987 1097 2055 undas.

144 2075 241 2142 Multi
263 2078 457 2162 praecipites
480 2076 624 2161 lymphis
647 2076 833 2161 putealibus
857 2076 922 2142 slte

142 2165 344 2250 Inciderunt,
367 2167 439 2251 ipso
464 2166 630 2232 venientes
650 2187 706 2230 ore
727 2169 872 2250 patente:

142 2253 369 2320 Insedabiliter
394 2255 466 2321 sitis
489 2255 593 2339 arida,
617 2276 754 2338 corpora
776 2277 936 2338 mersans,

91 2359 128 2410 40
143 2342 317 2429 Aequabat
339 2346 478 2409 multum
500 2346 610 2429 parvis
634 2344 801 2409 umoribus
824 2344 972 2409 imbrem.

102 2429 213 2499 Nec
236 2432 363 2517 requies
387 2435 457 2498 erat
479 2433 547 2497 ulla
569 2432 660 2496 mali:
685 2432 810 2496 defessa
832 2433 983 2497 iacebant

142 2517 311 2607 Corpore.
331 2522 500 2587 mussabat
521 2522 623 2586 tacito
647 2520 855 2584 medicinat
831 2524 960 2602 t1more,
1025 2520 1028 2524 ’

144 2607 271 2693 Quippe
294 2602 441 2694 patentia
463 2632 536 2675 eum
559 2609 680 2675 totiens
704 2630 742 2673 ac
760 2608 875 2673 nuntia
898 2608 1014 2673 mortis

142 2695 282 2763 Lumina
305 2702 475 2764 versarent
499 2699 664 2764 oculorum
688 2697 833 2780 expertia
855 2718 978 2762 somno

92 2802 127 2852 45
142 2785 229 2851 Mult
214 2790 313 2871 taque
335 2790 504 2870 praeterea
522 2787 674 2853 mortist
674 2807 730 2850 um
753 2786 848 2871 signa
870 2775 1041 2870 dabantur,

141 2875 339 2941 Perturbate
363 2876 462 2942 animi
485 2898 578 2941 mens
600 2876 633 2940 in
658 2896 803 2939 maerore
826 2878 991 2958 metuque,

144 2962 254 3029 Triste
278 2965 497 3052 supercilium,
521 2965 661 3030 furiosus
684 2964 791 3028 voltus
815 2967 848 3028 et
871 2984 954 3046 acer,

141 3049 268 3117 Sollieit
253 3056 307 3118 tae
330 3074 428 3139 porro
452 3054 632 3137 plenaeque
656 3052 828 3117 sonoribus
852 3073 958 3136 aures,

139 3138 261 3206 Creber
285 3142 419 3226 spiritus
443 3143 532 3206 aut
523 3163 639 3227 ingens
662 3162 799 3225 raroque
823 3144 965 3225 coortus,

89 3245 125 3295 oo
140 3226 339 3315 Sudorisque
361 3230 495 3296 madens
518 3253 576 3315 per
600 3229 718 3295 collum
743 3229 932 3314 splendidus
956 3251 1061 3313 umor,

140 3316 264 3386 Tenuis
287 3322 384 3404 sputa
406 3320 545 3401 minuto,
569 3320 655 3384 eroei
679 3321 829 3383 contacta
852 3319 958 3384 colore

140 3404 310 3493 Salsaque,
333 3428 391 3492 per
413 3407 521 3473 fauces
544 3428 657 3472 raucas
680 3407 735 3471 rix
759 3407 846 3474 edita
811 3407 957 3471 ttussi.
