2384 3848
126 176 168 242 16
495 175 542 230 111.
561 175 766 231 avcaarivs

191 322 296 399 Quam
318 323 398 386 libet
420 321 455 385 in
477 323 617 404 partem,
645 320 780 385 trudunt
803 341 855 384 res
880 323 955 385 ante
979 326 1141 409 ruuntque

190 411 370 494 Impetibus
394 409 527 493 crebris,
550 410 711 473 interdum
734 409 854 473 vertice
877 412 966 475 torto

192 498 379 583 Corripiunt
400 497 580 582 rapideque¹
597 497 719 563 rotanti
741 498 871 582 turbine
894 502 1036 582 portant.

190 588 297 665 Quare
321 588 420 653 etiam
444 590 541 670 atque
564 587 662 650 etiam
681 590 758 651 sunt
776 586 864 651 venti
883 608 1019 671 corpora
1037 610 1141 674 caeca,

124 693 175 742 290
191 675 457 760 Quandoquidem
480 675 576 739 factis
600 678 633 739 et
655 675 799 740 moribus
823 676 952 739 aemula
974 678 1104 762 magnis

191 764 352 830 Amnibus
375 764 594 848 inveniuntur,
619 767 730 848 aperto
755 785 889 846 corpore
913 765 968 849 qui
992 769 1079 832 sunt.

193 854 277 919 Tum
299 874 397 938 porro
421 853 528 918 varios
552 874 659 918 rerum
684 853 840 917 sentimus
865 851 993 938 odores,

191 941 259 1008 Neo
281 946 392 1007 tamen
416 943 456 1006 ad
478 942 568 1006 naris
590 941 752 1005 venientis
771 941 931 1007 cernimus
950 965 1120 1028 umquam,

190 1030 260 1096 Nec
284 1031 405 1096 calidos
429 1033 538 1094 aestus
562 1029 691 1111 tuimur,
714 1051 773 1094 nec
796 1029 919 1114 frigora
943 1031 1072 1115 quimus

123 1136 175 1185 295
191 1118 355 1202 Vsurpare
380 1119 495 1201 oeulis,
517 1140 577 1182 nec
599 1140 694 1182 voces
719 1139 847 1182 cernere
871 1140 1015 1206 suemus3

192 1207 281 1283 Quae
304 1211 414 1272 tamen
438 1207 548 1272 omnia
571 1228 726 1289 corporea
748 1209 898 1273 constare
921 1229 1053 1273 neeesse
1074 1214 1125 1275 est

189 1296 329 1380 Natura,
354 1296 507 1380 quoniam
531 1316 644 1360 sensus
667 1295 823 1378 inpellere
845 1300 997 1378 possunt:

192 1385 338 1469 Tangere
366 1385 452 1448 enim
481 1388 514 1449 et
540 1385 647 1468 tangi,
675 1385 738 1448 nisi
761 1406 892 1467 corpus,
919 1385 1010 1449 nulla
1033 1390 1142 1470 potest

523 1510 526 1514 ι
870 1493 931 1537 res.

189 1560 336 1647 Denique
359 1561 543 1646 fluctifrago
567 1582 743 1645 suspensae
765 1561 801 1625 in
824 1562 920 1640 litore
942 1565 1051 1626 vestes

123 1666 175 1715 300
190 1650 372 1734 Vvescunt,
395 1651 525 1714 eaedem
549 1651 720 1733 dispansae
743 1650 779 1714 in
802 1652 870 1716 sole
894 1655 1069 1716 serescunt

189 1738 240 1818 At¹
257 1760 362 1822 neque
386 1761 449 1823 quo
473 1742 569 1822 pacto
591 1739 771 1822 persederit
793 1761 887 1805 umor
910 1740 1006 1823 aquai

191 1826 307 1891 Visum
331 1830 393 1910 est,
416 1848 477 1891 nec
499 1849 626 1892 rursum
650 1848 713 1910 quo
737 1831 833 1911 pacto
856 1828 978 1912 fugerit
1001 1832 1104 1895 aestu.

111 1917 113 1919 ’
190 1914 230 1979 ln
253 1937 368 2000 parvas
392 1915 493 1999 igitur
514 1915 618 2000 partis
641 1916 837 2000 dispergitur
859 1937 962 2000 umor,

190 2003 277 2080 Quas
302 2005 387 2070 oculi
409 2005 500 2070 nulla
522 2008 659 2088 possunt
681 2006 807 2071 ratione
830 2005 946 2070 videre.

123 2108 175 2158 305
191 2092 276 2169 Quin
299 2095 399 2158 etiam
421 2094 532 2158 multis
556 2094 634 2159 solis
657 2095 865 2159 redeuntibus
889 2093 983 2157 annis

188 2181 317 2246 Anulus
341 2184 375 2246 in
399 2181 502 2265 digito
527 2181 639 2247 subter
660 2185 813 2248 tenuatur
835 2181 1000 2272 habendo,

190 2267 328 2335 Stilicidi
351 2291 443 2335 casus
466 2270 608 2352 lapidem
631 2273 738 2355 cavat,
761 2293 862 2336 uncus
876 2271 1008 2336 'aratri'

189 2357 326 2423 Ferreus
350 2359 474 2424 occulte
498 2359 654 2425 decrescit
676 2381 788 2424 vomer
811 2361 845 2423 in
869 2359 969 2442 arvis,

190 2443 363 2533 Strataque
385 2448 452 2512 iam
475 2448 564 2532 volgi
586 2448 721 2532 pedibus
746 2448 866 2513 detrita
888 2448 1015 2514 viarum

123 2551 175 2601 310
190 2534 296 2602 Saxea
319 2536 550 2621 conspicimus:
572 2539 656 2620 tum,
679 2541 791 2621 portas
814 2541 955 2622 propter,
979 2540 1063 2601 ac'na

190 2623 291 2710 Signa
313 2648 428 2691 manus
452 2625 582 2690 dextras
607 2624 782 2690 ostendunt
805 2625 966 2691 attenuari

190 2711 293 2797 Saepe
316 2716 516 2780 salutantum
539 2717 629 2778 tactu
652 2718 843 2798 praeterque
866 2717 1042 2779 meantum.

188 2800 278 2867 Haeo
302 2803 404 2888 igitur
426 2802 541 2886 minui,
565 2823 637 2867 cum
661 2803 728 2867 sint
750 2803 880 2887 detrita,
904 2803 1063 2868 videmus:

190 2888 252 2954 Sed
276 2914 358 2976 quae
381 2913 518 2975 corpora
540 2890 697 2955 decedant
721 2891 756 2955 in
778 2895 924 2974 tempore
948 2912 1090 2976 quoque,-

123 2993 175 3044 315
189 2978 304 3045 Invida
326 2981 500 3065 praeclusit
523 2980 664 3064 spatium
687 2984 805 3045 natura
827 2979 966 3045 videndi.

188 3066 358 3135 Postremo
383 3090 601 3155 quaecumque
625 3069 692 3134 dies
715 3074 897 3153 naturaque
919 3068 1017 3133 rebus

188 3155 351 3222 Paulatim
373 3159 501 3242 tribuit,
523 3158 715 3223 moderatim
738 3179 880 3223 crescere
904 3178 1041 3243 cogens,

189 3243 289 3310 Nulla
312 3250 421 3330 potest
444 3247 609 3334 oculorum
634 3247 718 3312 acies
743 3249 897 3312 contenta
919 3245 1018 3328 tueri,

187 3333 256 3399 Nec
279 3356 375 3419 porro
399 3356 618 3419 quaecumque
642 3357 722 3402 aevo
745 3337 911 3420 macieque
935 3337 1111 3409 senescunt

122 3437 175 3488 320
188 3422 270 3509 Nec,
293 3445 382 3489 mare
405 3446 487 3509 quae
510 3424 698 3509 inpendent,
722 3446 816 3490 vesco
838 3425 905 3490 sale
929 3445 1007 3488 saxa
1025 3444 1142 3508 peresa
