2384 3848
128 187 194 250 114
523 183 582 238 vll.
602 182 750 238 OVIDIVS

238 331 318 396 Este
342 330 475 395 salutati
496 332 624 414 tempus
646 329 681 392 in
704 349 798 393 omne
822 326 915 392 mihi!

148 436 182 484 35
196 418 242 484 Et
265 440 458 503 quamquam
483 439 554 483 sero
579 417 716 500 elipeum
739 419 815 500 post
836 417 968 481 volnera
992 438 1102 501 sumo,

239 506 397 572 Attamen
418 507 503 571 hanc
527 505 609 571 odiis
634 509 806 570 exonerate
827 504 953 589 fugam,

194 594 322 661 anlest
307 597 395 681 tique
420 597 488 660 viro
493 595 599 679 ‚quis
623 615 674 658 me
697 592 860 677 deceperit
883 604 984 677 error,

239 683 359 770 Dicite,
382 705 440 768 pro
464 684 622 836 culpane
646 683 751 747 scelus
775 702 844 746 esse
867 684 968 766 putet.

192 772 240 838 Vt
258 773 343 857 quod
366 795 424 838 vos
443 771 505 836 seit
507 771 534 836 is
538 792 693 872 ,poenae
712 792 838 855 quoque
860 770 979 834 sentiat
997 773 1123 855 auctor,

144 878 180 926 40
238 860 372 927 Placate
396 881 529 946 possum
553 881 619 925 non
642 859 741 924 miser
763 880 833 924 esse
856 857 936 923 deo?

192 947 262 1014 Hac
285 971 378 1034 prece
403 949 533 1014 adoravi
556 969 690 1032 superos
713 968 788 1033 ege,
810 947 957 1032 pluribus
980 969 1076 1033 uxor,

240 1037 370 1124 Singult
371 1061 392 1102 ιι
356 1037 537 1102 tmedios
561 1036 756 1138 impediente
780 1057 888 1101 sonos

192 1124 255 1190 Illa
279 1129 378 1191 etiam
402 1130 477 1190 ante
502 1124 599 1189 Lares
623 1125 730 1208 passis
754 1124 898 1189 adstrata
921 1123 1047 1208 capillis

240 1211 388 1300 Contigit
373 1213 587 1278 texstinetos
610 1233 666 1278 ore
688 1215 848 1277 tremente
871 1212 976 1297 focos

138 1318 172 1367 45
186 1300 387 1388 Multaque
377 1325 412 1367 m
435 1301 587 1368 adversos
611 1301 723 1366 effudit
745 1302 843 1366 verba
866 1299 1007 1366 Penates

237 1391 301 1457 Pro
325 1392 490 1476 deplorato
513 1412 580 1455 non
603 1389 742 1456 valitura
764 1390 841 1454 circ.

147 1558 149 1563 A
191 1480 325 1565 Iamque
348 1501 458 1545 morae
481 1478 623 1563 spatium
646 1500 712 1542 nox
734 1477 948 1562 praecipitata
969 1479 1131 1565 negabat,

235 1567 403 1655 Versaque
427 1568 468 1633 ab
491 1589 550 1632 axe
574 1588 632 1632 suo
655 1567 826 1632 Parrhasis
851 1569 957 1632 arctos
981 1571 1062 1632 erat.

192 1656 276 1733 Quid
299 1656 461 1721 facerem?
482 1656 602 1721 blando
626 1656 751 1740 patriae
774 1656 940 1720 retinebar
963 1676 1087 1721 amora:

144 1760 178 1809 ιο
236 1744 363 1810 Vltima
387 1745 441 1810 sed
464 1745 571 1808 iussae
593 1766 659 1808 nox
682 1747 756 1809 erat'
775 1744 833 1808 illa
855 1744 961 1829 fugae.

190 1831 234 1897 A!
258 1833 407 1918 quotiens
431 1833 539 1916 aliquo
559 1831 625 1897 dixi
647 1835 842 1916 properante
864 1830 952 1917 ‘quid
974 1833 1119 1917 urgues?

234 1921 297 1987 Vel
321 1943 384 2007 quo
408 1918 542 1987 festinas
566 1920 626 2006 ire,
648 1921 700 1985 vel
723 1920 829 1987 unde?
852 1919 956 1985 videl'

191 2009 234 2075 A!
259 2011 409 2097 quotiens
432 2013 554 2076 certam
577 2031 629 2074 me
652 2032 724 2075 sum
746 2009 901 2074 mentitus
924 2009 1049 2074 habere

234 2097 371 2184 Horam,
394 2099 581 2184 propositae
592 2120 686 2193 ‘quae
709 2098 795 2163 foret
817 2100 894 2182 apta
916 2098 997 2162 viae
1132 2181 1135 2185 p

142 2202 175 2252 55
191 2187 255 2251 Ter
276 2188 377 2251 limen
397 2187 545 2271 tetigi,t
546 2207 581 2250 er
604 2208 674 2252 sum
697 2190 923 2271 revocatus‚e
906 2188 1034 2270 etipse

233 2274 408 2359 Indulgens
433 2275 541 2339 animo
563 2296 621 2358 pes
644 2275 726 2340 mihi
749 2275 861 2340 tardus
885 2276 963 2340 erat.

190 2362 292 2446 Saepe
316 2361 411 2428 vale'
434 2362 520 2428 dicto
543 2385 654 2428 rursus
679 2386 750 2429 sum
773 2365 876 2428 multa
899 2363 1043 2448 locutus,

233 2450 280 2516 Et
302 2452 395 2536 qnasi
418 2451 584 2517 discedens
608 2452 720 2518 oscula
743 2474 869 2517 summa
891 2452 971 2517 dedi.

189 2541 291 2626 Saepe
315 2540 426 2606 eadem
449 2540 603 2606 mandata
626 2541 699 2607 dedi
721 2562 836 2626 meque
858 2540 927 2624 ipse
950 2539 1066 2624 fefelli,

140 2647 174 2697 so
233 2629 419 2714 Respiciens
443 2629 545 2695 oculis
567 2631 705 2715 pignora
728 2651 802 2694 cara
824 2630 914 2694 meis.

189 2719 334 2803 Denique
354 2716 442 2803 ‘quid
464 2719 624 2801 propero?
648 2716 782 2801 Scythia
801 2720 863 2803 est,
881 2739 945 2802 quo
964 2715 1136 2782 mittimur'

868 2828 902 2870 ιιι
924 2827 1001 2870 uam

234 2895 350 2961 ‘Roma
372 2897 585 2983 relinquenda
608 2899 665 2961 est.
703 2898 840 2980 utraque
863 2829 949 2959 iusqta
968 2916 1061 2960 mura
1079 2897 1138 2960 est

188 2984 278 3050 onr
301 2986 335 3049 in
359 2989 525 3051 aeternum
547 2986 621 3050 vivo
644 2984 726 3048 mihi
747 2984 823 3050 viva
845 2987 997 3069 negatur,

178 3111 180 3116 ·
232 3073 277 3137 Et
300 3074 413 3140 domus
437 3079 470 3139 et
491 3074 576 3139 fidae
599 3074 705 3138 dulcia
728 3073 873 3137 membra
897 3072 1026 3156 domus,

139 3179 173 3227 65
189 3161 340 3245 Quosque
363 3185 424 3249 ego
448 3163 544 3229 dilexi
566 3163 710 3227 fraterno
734 3183 823 3226 more
847 3160 988 3245 sodales,

233 3249 260 3315 Ο
283 3251 364 3315 mihi
388 3252 514 3317 Thesea
536 3255 668 3336 pectora
690 3251 801 3314 iuncta
822 3250 897 3314 fidel

187 3339 275 3404 Dum
298 3339 385 3425 licet,
411 3337 594 3424 amplectar.
630 3360 808 3424 numquam
830 3338 969 3403 fortasse
991 3336 1106 3402 licebit

231 3391 389 3512 Amplius.
426 3429 461 3492 in
482 3430 572 3494 lucro
596 3432 646 3493 est
668 3449 750 3512 quae
773 3427 868 3492 datur
890 3425 972 3492 hora
995 3423 1099 3490 mihi?
