2384 3848
455 201 502 258 rx.
520 199 719 257 rvvanlns
1028 189 1096 269 133'

146 345 181 410 si
204 346 280 430 quid
303 346 463 430 Palfurio,
487 346 515 409 si
538 345 697 410 credimus
721 344 910 432 Armillato,

147 435 310 520 Quidquid
324 435 533 518 conspicuum
546 434 780 519 pulchrumque
796 438 846 500 est
860 456 998 521 aequore
1011 439 1093 523 tot0,

145 526 209 592 Res
231 525 302 590 fisci
326 528 389 608 est,
411 523 604 606 ubicumque
626 526 732 588 natat:
756 523 930 590 donabitur
951 546 1043 611 ergo,

22 680 25 685 .
96 632 131 680 20
144 613 195 679 Ne
218 618 338 697 pereat.
374 613 440 676 iam
464 611 592 678 letifero
616 612 747 677 cedente
770 613 896 696 pruinis

145 702 327 785 Autumno,
349 702 416 765 iam
439 704 632 784 quartanam
656 701 860 784 sperantibus
884 703 1004 787 aegris,

148 791 312 856 Stridebat
334 789 488 855 deformis
511 788 615 854 hiems
638 788 855 874 praedamque
878 794 1040 856 recentem

147 879 316 946 Servabat:
339 883 451 943 tamen
468 878 522 943 hic
540 881 705 963 properat,
724 878 812 942 velut
829 883 945 964 urgeat
962 878 1094 945 Auster.

146 968 254 1053 thue
272 969 361 1033 lacus
382 967 549 1049 suberant,
571 967 628 1032 ubi
643 988 839 1053 quamquam
858 967 965 1033 diruta
983 972 1092 1035 servat

97 1076 130 1123 25
144 1057 258 1142 Ignem
281 1056 456 1121 Troianum
479 1059 512 1118 et
529 1054 666 1121 Vestam
689 1055 766 1120 colit
788 1055 875 1120 Alba
897 1057 1070 1142 minorem,

146 1145 283 1210 Obstitit
305 1144 442 1209 intranti
465 1143 613 1210 miratrix
637 1143 736 1209 turba
758 1165 945 1230 parumper3

146 1233 193 1300 Vt
215 1234 326 1317 cessit,
348 1232 436 1298 facili
458 1234 632 1316 patuerunt
655 1232 786 1298 cardine
809 1233 935 1299 valvae:

145 1321 278 1388 Exclusi
303 1324 452 1405 spectant
475 1321 617 1386 admissa
640 1321 775 1386 obsonia
797 1325 916 1404 patres,

145 1411 216 1476 Itur
238 1410 278 1475 ad
301 1410 447 1475 Atriden.
487 1413 558 1474 tum
580 1408 694 1474 Picens
719 1407 851 1492 ‘accipe'
874 1409 955 1474 dixit

97 1517 131 1566 ao
146 1498 303 1564 ‘Privatis
325 1499 450 1562 maiora
472 1497 564 1562 focis.
604 1498 741 1583 genialis
765 1501 881 1582 agatur

143 1587 211 1653 Iste
235 1588 318 1671 dies3
340 1608 480 1670 propera
503 1587 708 1653 stomachum
729 1586 838 1650 laxare
862 1586 1009 1671 saginae,
1051 1670 1053 1674 Α

145 1675 190 1741 Et
212 1680 269 1740 tua
288 1679 455 1746 ,servatum
479 1696 631 1740 consume
654 1676 689 1739 in
712 1676 841 1740 saecula
863 1675 1049 1742 rhombum:

145 1765 220 1848 Ipse
243 1765 316 1848 capi
337 1761 462 1829 voluit?
502 1764 579 1847 quid
602 1762 768 1849 apertius?
791 1767 824 1828 et
846 1768 956 1829 tamen
978 1763 1027 1829 illi

143 1852 331 1937 Surgebant
354 1852 485 1934 cristae3
511 1852 596 1918 nihil
618 1856 669 1918 est
692 1852 777 1938 quod
801 1854 928 1919 credere
951 1849 991 1917 de
1013 1873 1050 1920 se

96 1958 130 2007 35
144 1941 221 2007 Non
243 1941 362 2026 possit,
385 1962 458 2005 oum
480 1941 644 2026 laudatur,
667 1941 717 2005 dis
741 1961 844 2023 aequa
866 1944 1022 2024 potestas.

146 2029 209 2096 Sed
232 2031 342 2095 deerat
363 2030 445 2114 pisci
467 2030 598 2114 patinae
620 2050 781 2094 mensura.
818 2032 974 2094 vocantur

144 2119 234 2205 Ergo
257 2119 293 2182 in
314 2119 484 2183 consilium
507 2139 668 2203 proceres,
691 2139 772 2202 quos
795 2117 908 2183 oderat
929 2117 998 2203 ille3

144 2206 185 2272 In
208 2229 344 2291 quorum
366 2207 449 2272 faeie
472 2208 608 2272 miserae
632 2227 833 2292 magnaeque
856 2207 991 2272 sedebat

145 2295 256 2361 Pallor
279 2296 449 2361 amicitiae.
485 2295 623 2379 primus,
646 2296 808 2361 clamante
831 2293 990 2360 Liburno:
1060 2359 1063 2364 ,

96 2401 131 2451 4ο
147 2383 300 2467 ‘Ourrite,
323 2385 389 2448 ism
412 2382 526 2447 seditl'
548 2387 643 2465 rapta
664 2383 860 2467 properabat
882 2383 991 2448 abolla

147 2472 306 2558 Pegasus,
330 2472 488 2537 attonitae
510 2473 636 2554 positus
659 2471 756 2536 modo
778 2470 893 2537 vilicus
911 2470 1002 2537 Vrbi.

146 2562 241 2625 Anne
263 2560 351 2625 aliud
373 2564 450 2624 tunc
472 2559 650 2643 praefecti?
677 2581 815 2644 quorum
834 2561 975 2644 optimus
994 2563 1092 2646 atque

144 2648 308 2732 Interpres
331 2649 441 2733 legum
465 2649 688 2714 sanctissimus
712 2649 820 2713 omnia
844 2670 1040 2733 quamquam

145 2737 360 2821 Temporibus
384 2737 462 2800 diris
486 2737 657 2802 tractanda
678 2736 817 2821 putabat
839 2737 955 2802 inermi

95 2842 130 2891 45
145 2825 284 2891 Iustitia.
320 2826 465 2891 renitet
489 2823 595 2910 Orispi
618 2826 757 2891 iucunda
781 2831 942 2910 senectus,

146 2912 245 2979 Cuius
269 2918 362 2979 erant
384 2935 505 2998 mores,
528 2915 634 2998 qualis
657 2913 822 3000 facundia,
845 2916 924 2980 mite

144 3001 324 3087 Ingenium.
356 3003 461 3067 maria
483 3024 520 3067 ao
542 3006 646 3068 terras
669 3005 869 3088 populosque
891 3006 1019 3091 regenti

146 3091 226 3167 Quis
250 3113 358 3157 comes
381 3091 505 3174 utilior,
529 3091 557 3155 si
580 3091 671 3157 clade
694 3096 728 3156 et
748 3096 839 3176 peste
863 3093 922 3158 sub
945 3093 1004 3158 illa

146 3177 321 3244 Saevitiam
345 3178 498 3244 damnare
521 3183 554 3243 et
576 3180 750 3245 honestum
773 3181 898 3247 adferre
919 3182 1032 3247 liceret

95 3284 131 3334 50
146 3266 348 3333 Consilium?
376 3268 432 3333 sed
455 3267 532 3352 quid
554 3269 728 3333 violentius
752 3290 828 3334 aure
850 3271 996 3352 tyranni,

145 3354 228 3422 Cum
251 3378 314 3441 quo
338 3357 377 3421 de
399 3357 517 3440 pluviis
541 3361 599 3421 aut
621 3357 766 3421 aestibus
789 3360 846 3422 aut
867 3356 1018 3421 nimboso

146 3444 231 3510 Vere
254 3444 392 3510 locuturi
414 3445 519 3510 latum
541 3445 708 3532 pendebat
729 3445 850 3512 aniic‘il
