2384 3848
430 198 477 252 ΙΙΙ.
498 194 704 252 tvennrrvs
1031 197 1074 261 49

117 343 337 410 Miscebant
359 344 505 408 fluctus
530 346 562 406 et
585 344 717 407 volnera
740 344 833 407 vasta
856 342 1008 407 serebant

121 433 166 498 nt
187 453 286 516 pecus
311 435 408 517 atque
433 453 530 517 agros
554 431 754 496 adimebantr
778 452 854 494 nam
877 431 972 495 facile
995 431 1072 496 ollis

122 520 243 587 Omnia
265 522 422 587 cedebant
446 521 578 586 armatis
602 519 689 584 nuda
712 523 745 583 et
767 519 901 585 inerma.

122 609 202 675 Inde
222 610 417 689 *minutatim
440 611 598 694 processit
622 608 744 673 ferreus
768 609 869 691 ensis,

55 715 110 766 505
126 697 293 785 Versaque
315 698 352 763 in
375 699 586 783 opprobrium
611 699 733 782 species
757 699 807 760 est
824 697 917 762 falcis
933 703 1054 781 aenae,

120 786 167 853 Et
187 787 275 853 ferro
299 784 560 872 coepere'solum
583 785 788 870 proscindere
811 788 917 850 terrae
950 843 953 848 .

123 876 376 962 Exsequataque
399 879 475 941 sunt
498 875 621 959 creperi
644 873 822 940 certamina
845 873 929 938 belli.

121 964 167 1029 Et
188 966 278 1050 prius
302 969 353 1030 est
375 968 536 1029 armatum
559 965 593 1027 in
616 964 690 1047 equi
714 962 927 1028 conscendere
951 967 1058 1029 costas

120 1052 167 1117 Et
190 1054 387 1119 moderarier
410 1054 495 1118 hunc
518 1052 617 1117 frenis
642 1051 817 1136 dextraque
840 1051 949 1136 vigere

52 1159 107 1208 510
123 1141 228 1218 Quam
251 1143 363 1228 biiugo
387 1164 482 1207 curru
504 1142 581 1206 belli
604 1144 765 1225 temptare
788 1141 918 1224 pericla.

121 1230 167 1295 Et
190 1231 318 1316 biiugos
341 1231 431 1314 prius
454 1233 504 1295 est
527 1252 625 1314 quam
648 1230 698 1294 bis
722 1230 917 1314 coniungere
942 1230 1037 1294 binos

121 1319 168 1383 nt
190 1341 287 1404 quam
308 1319 471 1384 falciferos
496 1322 657 1384 armatum
681 1319 849 1383 escendere
874 1339 994 1383 currus.
1059 1337 1060 1341 ’

121 1406 202 1472 Inde
225 1410 324 1474 boves
348 1406 451 1472 Lucas
475 1408 594 1473 turrito
618 1428 766 1491 corpore,
789 1410 925 1488 taetras,

124 1496 366 1583 Anguimanus,
389 1496 469 1562 belli
492 1496 671 1561 docuerunt
693 1494 827 1559 volnera
851 1493 951 1558 Poeni

52 1601 106 1652 515
123 1583 264 1651 Sufferre
287 1590 321 1650 et
343 1606 478 1670 magnas
502 1584 619 1649 Martis
642 1584 774 1648 turbare
798 1585 955 1648 catervas.

123 1672 176 1739 Sic
199 1674 264 1739 alid
289 1696 328 1739 ex
352 1675 414 1739 alio
437 1675 564 1758 peperit
585 1673 745 1738 discordia
766 1672 883 1754 tristis,

124 1761 289 1827 Horribile
311 1763 462 1828 humanis
489 1763 575 1848 quod
599 1762 751 1847 gentibus
776 1765 862 1825 esset
885 1762 1051 1843 inarmis,

123 1850 228 1934 Inque
251 1852 319 1916 dies
342 1852 420 1917 belli
443 1853 621 1917 terroribus
646 1850 769 1916 addidit
792 1854 957 1933 5111111511.Ι

170 1938 382 2024 Temptarunt
405 1941 505 2005 etiam
527 1945 639 2004 tauros
662 1940 702 2002 in
725 1959 905 2002 moenere
929 1938 1038 2020 belli,

56 2046 111 2095 520
126 2026 324 2113 Erpertique
348 2051 421 2094 sues
445 2051 558 2093 saevos
583 2031 659 2092 sunt
683 2027 810 2090 mittere
833 2025 868 2088 in
891 2025 1005 2089 hostis.

126 2117 173 2181 Et
195 2116 319 2183 validos
344 2119 463 2202 partim
486 2139 564 2201 prae
588 2138 622 2181 se
646 2117 761 2180 misere
784 2114 892 2178 leones
945 2151 948 2155 ·

127 2202 210 2270 011111
233 2206 419 2272 doctoribus
444 2207 577 2271 armatis
602 2207 770 2290 saevisque
795 2203 976 2288 magistris,

129 2293 192 2369 Qui
216 2295 411 2372 moderarier
436 2296 486 2359 his
509 2305 644 2380 possent
666 2294 843 2376 vinclisque
866 2296 991 2374 tenere,

128 2381 366 2468 Nequicquam,
390 2385 545 2468 quoniam
569 2384 728 2468 permixta
751 2381 847 2446 caede
871 2383 1014 2446 calentes

62 2488 115 2538 555
131 2469 324 2537 Turbabant
348 2473 435 2537 saevi
459 2472 550 2537 nullo
575 2471 758 2536 discrimine
781 2473 921 2551 turmas,

130 2557 199 2624 Nec
222 2565 374 2647 poterant
398 2561 521 2646 equites
546 2560 678 2624 fremitu
700 2557 874 2642 perterrita
898 2578 1054 2640 equorum

129 2647 266 2714 Pectora
288 2651 427 2715 mulcere
451 2654 484 2713 et
505 2650 606 2713 frenis
630 2649 816 2712 convertere
839 2645 873 2709 in
896 2645 1010 2709 hostis.

130 2735 270 2802 Inritata
292 2739 362 2803 leae
384 2739 546 2803 iaciebant
570 2758 703 2821 corpora
728 2736 813 2800 saltu

129 2824 296 2912 Vndique,
320 2832 352 2891 et
376 2828 546 2891 adversum
569 2825 771 2892 venientibus
796 2846 853 2888 ora
874 2823 1043 2906 petebant,

62 2932 115 2981 530
130 2913 176 2978 Et
197 2917 422 2999 necopinantis
446 2939 465 2980 a
487 2921 580 3001 tergo
605 2913 819 2998 deripiebant,

130 3002 358 3091 Deplexaeque
382 3005 505 3069 dabant
520 3006 562 3068 in
584 3007 705 3068 terram
729 3005 859 3066 volnere
883 3000 1001 3082 victos,

130 3090 294 3158 Morsibus
319 3093 442 3158 adfixae
465 3093 579 3157 validis
605 3096 701 3176 atque
725 3090 887 3174 unguibus
911 3089 1012 3155 uncis.

129 3178 365 3267 laetabantque
389 3204 465 3247 suos
489 3183 575 3245 tauri
598 3180 797 3266 pedibusque
820 3179 983 3261 terebant,

133 3268 179 3333 Et
201 3271 304 3336 latera
328 3294 365 3336 ac
388 3274 516 3336 ventres
539 3269 715 3333 hauribant
731 3269 849 3348 subter
873 3289 1028 3352 equorum

64 3356 309 3444 traconibus,
332 3365 365 3425 et
387 3365 507 3425 terram
531 3358 696 3422 minitanti
719 3357 825 3422 fronte
849 3357 996 3420 ruebant.

133 3446 179 3511 Et
201 3449 319 3514 validis
344 3451 448 3515 socios
473 3447 651 3512 caedebant
674 3446 823 3510 dentibus
848 3444 931 3528 apri,

117 3563 220 3613 Eulogaa
234 3567 294 3612 poet.
309 3564 349 3606 lat.
363 3564 397 3604 ed.
407 3565 517 3603 Brauon.
909 3553 925 3600 4
