2392 3848
435 156 496 242 ur.
515 185 744 242 recensurus

392 427 452 498 VI.
500 430 576 500 Sex.
604 429 803 519 Propertius

88 580 188 650 uerso,
211 581 241 634 sn
260 578 364 648 oppido
384 546 529 646 umente,
555 580 630 637 orrea
648 554 719 650 ap.
734 579 767 636 v.
788 596 810 635 ο.
827 584 878 634 roe
898 565 943 648 (se
962 594 987 633 a.
1003 575 1053 631 ou.
1068 580 1108 646 n.)

89 672 172 725 natus
192 671 243 724 est.
280 668 354 722 Puer
372 685 428 723 non
447 669 541 746 solum
557 670 637 739 patre
657 669 701 724 est
719 668 847 739 orbatus,
871 667 921 724 sed
939 665 1027 722 etiam
1044 682 1110 735 par·

88 763 147 814 tem
166 756 309 828 quandam
326 755 491 826 patrimonii
509 756 747 829 assignationibus
771 774 902 828 agrorum
919 757 984 826 post
1001 754 1110 808 bellum

88 846 271 917 Philippense
294 844 377 902 factis
406 846 509 902 amisit.
555 848 658 902 Postea
680 847 787 902 Romae
810 846 894 917 vixit,
923 844 1010 900 semel
1033 845 1110 914 quod

89 935 192 990 scimus
210 932 336 1004 longiore
355 934 470 1004 itinere,
493 953 558 991 cum
576 934 703 990 Athenas
721 936 842 1005 peteret,
853 931 972 1005 Vrbem}
985 932 1109 1002 reliquit.

88 1023 262 1079 Adulescens
286 1041 350 1078 cum
373 1024 409 1078 ad
432 1024 502 1079 artis
524 1023 652 1094 poeticae
676 1024 770 1092 studia
797 1039 826 1079 se
849 1021 1032 1099 contulisset,
1054 1021 1110 1076 for·

89 1116 163 1168 tasse
176 1115 327 1182 postquam
344 1111 448 1168 librum
462 1111 618 1183 elegiarum
631 1113 662 1167 in
671 1111 836 1182 Cynthium,
855 1129 911 1181 quo
931 1111 982 1166 sub
995 1110 1110 1165 nomine

88 1200 219 1256 Hostiam
242 1201 362 1256 amicam
385 1199 551 1270 celebravit,
581 1201 749 1272 scriptarum
772 1199 874 1270 edidit,
903 1219 920 1256 a
943 1195 1115 1256 Maecenate

89 1289 120 1343 in
139 1289 293 1344 amicorum
311 1307 458 1345 numerum
476 1291 606 1359 reseptos
625 1292 680 1358 est3
700 1288 793 1345 Ovidii
808 1306 919 1359 quoque
934 1288 1111 1358 aliorumque

5 1389 6 1393 ’
91 1379 238 1447 poetarum
253 1377 453 1434 consuetudine
466 1376 607 1433 utebatur.
630 1375 811 1432 Mortuuscst
820 1394 877 1431 non
891 1368 1111 1448 antea'l39l15'.

377 1457 495 1536 Scripsit
513 1466 667 1536 elegiarum
685 1465 771 1521 libros
790 1465 823 1521 V.

389 1753 482 1827 1-3.
515 1763 605 1825 Poeta
623 1763 658 1817 de
677 1765 739 1816 arte
759 1779 818 1817 sua.

417 1914 445 1976 1.
478 1908 540 1997 (IV
560 1928 584 1975 1.
604 1928 620 1976 2
644 1911 786 1999 trouu.)

448 2014 513 2070 Non
532 2015 622 2078 omnis
640 2015 752 2072 moriar.

84 2179 87 2184 ,
162 2105 356 2171 Callimachi
379 2128 490 2172 manes
515 2111 548 2171 et
570 2106 630 2172 Coi
654 2129 746 2172 sacra
767 2107 928 2193 Philetas,

206 2193 247 2257 In
269 2198 431 2276 vestrum,
454 2215 588 2278 quaese,
611 2216 663 2264 me
687 2196 784 2260 sinite
807 2197 854 2261 ire
876 2217 1000 2262 nemus.

159 2280 288 2346 Primus
312 2301 372 2365 ego
396 2281 561 2365 ingredior
582 2305 665 2367 puro
689 2284 728 2349 de
751 2284 843 2350 fonte
866 2284 1016 2351 sacerdos

204 2369 291 2434 Itala
313 2390 372 2453 per
395 2368 511 2436 Graios
533 2372 629 2456 ,orgia
650 2371 734 2438 ferre
758 2374 884 2440 choros.

130 2457 281 2543 sDieite,
306 2480 370 2543 quo
392 2459 515 2542 pariter
538 2482 669 2527 carmen
690 2463 851 2528 tenuastis
873 2463 908 2528 in
931 2465 1048 2528 antro?

206 2547 316 2623 Quove
339 2549 424 2631 pede
444 2549 607 2633 ingressi?
632 2571 769 2635 quamve
792 2551 922 2616 bibistis
946 2550 1088 2635 aquam?

159 2638 190 2699 A
212 2636 335 2720 ualeat,
359 2635 527 2703 Phoebum
550 2640 744 2723 quicumque
768 2643 914 2704 moratur
935 2639 970 2702 in
995 2638 1114 2703 armis!

204 2724 348 2788 Erectus
371 2725 464 2791 tenui
486 2728 614 2811 pumice
637 2747 748 2792 uersus
771 2730 838 2810 eet,

161 2813 231 2889 Quo
255 2834 306 2877 me
329 2812 431 2879 Fama
453 2814 542 2879 levat
563 2818 652 2880 terra
675 2813 837 2899 sublimis,
859 2818 893 2878 et
915 2838 935 2880 a
957 2837 1008 2880 me

113 2917 145 2965 10
205 2899 294 2967 Nata
318 2903 481 2968 coronatis
503 2902 600 2968 Musa
622 2902 804 2986 triumphet
826 2904 933 2989 equis,

71 3024 78 3031 -
160 2991 206 3055 Et
228 3012 355 3055 mecum
377 2992 412 3056 in
435 3013 533 3057 curru
555 2992 649 3076 parvi
672 2996 841 3057 vectantur
863 2994 1016 3077 Amores,

207 3077 479 3164 Scriptorumque.
492 3103 582 3146 meas
606 3083 703 3146 turba
727 3081 840 3147 secuta
861 3085 960 3147 rotas.

162 3166 246 3244 Quid
268 3167 390 3232 frustra
412 3169 522 3234 missis
545 3170 579 3234 in
602 3193 654 3235 me
677 3170 808 3236 certatis
831 3170 990 3235 habenis?

203 3254 280 3320 Non
303 3255 399 3320 datur
422 3258 462 3322 ad
485 3257 596 3323 Musas
621 3281 748 3324 currere
771 3259 840 3324 lata
861 3260 921 3324 via

113 3361 146 3408 15
161 3343 270 3428 Multi,
293 3345 411 3430 Roma,
434 3349 508 3410 tuas
532 3347 644 3412 laudes
668 3346 844 3412 annalibus
865 3347 997 3431 addent,

205 3434 268 3511 oui
290 3434 387 3498 finem
411 3434 538 3518 imperii
561 3434 682 3501 Bactra
705 3436 815 3512 futura
838 3441 964 3502 canent.
