2384 3848
121 200 187 266 120
503 176 576 255 ‘vn
598 199 747 255 ovinius

188 344 248 409 Ille
272 343 445 428 Syracosia
467 345 564 410 modo
587 343 779 410 formidatus
801 345 837 408 in
860 343 939 409 urbe

141 450 176 498 40
235 431 301 497 Vix
324 433 441 498 humili
465 433 578 498 duram
600 433 743 517 reppulit
767 435 837 496 arte
858 432 989 497 famem.

188 520 272 597 Quid
294 521 400 586 fuerat
422 520 545 606 Magno
569 521 697 586 maius?
724 525 834 585 tamen
856 520 913 584 ille
935 524 1071 606 rogavit

234 606 402 675 Submissa
424 610 555 694 fugiens
577 631 655 675 voce
679 609 803 675 clientis
828 630 931 692 opem.

188 698 247 762 Ille
270 698 465 784 Iugurthino
489 699 597 764 clarus
620 696 814 782 Cimbroque
837 697 1017 783 triumpho,

234 785 304 863 Quo
327 787 444 852 victrix
467 788 587 852 totiens
611 787 742 852 consule
764 785 869 852 Roma
892 786 968 871 fuit,

139 875 230 940 4111
253 895 353 940 caeno
375 874 499 941 Marius
522 875 624 940 iacuit
645 896 811 959 cannaque
834 875 986 959 palustri,

232 962 373 1028 Pertulit
395 967 428 1028 et
449 966 543 1029 tanto
567 965 670 1028 multa
693 963 843 1048 pudenda
866 963 946 1028 viro.

187 1047 287 1117 Ludit
310 1051 523 1117 inhumanis
545 1052 655 1117 divina
676 1052 823 1136 potentia
845 1052 954 1134 rebus,

232 1139 278 1204 Et
300 1143 422 1205 certam
445 1161 598 1224 praesens
620 1141 677 1206 vix
698 1140 799 1205 habet
820 1139 903 1205 hora
925 1140 1032 1207 fidem.

189 1227 298 1293 ‘Litus
323 1227 364 1293 ad
386 1227 566 1293 Euxinum'
590 1229 619 1294 si
642 1229 714 1313 quis
736 1227 818 1293 mihi
842 1229 963 1294 diceret
986 1229 1067 1295 ‘ibis

138 1332 172 1381 co
230 1316 437 1396 1111111111,
460 1338 537 1383 arcu
558 1338 600 1381 ne
622 1317 738 1382 feriare
761 1316 893 1383 Getae':
918 1367 919 1372 η

187 1403 232 1488 eI,
255 1404 348 1470 bibe'
373 1406 526 1471 dixissem
550 1405 742 1491 ‘purgantes
765 1408 898 1490 pectora
921 1428 1030 1492 sucos,

232 1493 395 1578 Quidquid
418 1495 508 1559 etin
531 1498 603 1560 tota
625 1495 771 1560 nascitur
793 1493 971 1579 Anticyra?

186 1580 265 1646 Sum
288 1585 397 1648 tamen
419 1583 501 1648 haec
518 1603 648 1667 passus:
671 1604 743 1667 nec,
766 1584 796 1649 si
818 1583 971 1648 mortalia
992 1606 1141 1672 possem,

231 1670 276 1734 111
300 1671 418 1735 summi
440 1675 587 1755 poteram
608 1672 676 1736 tela
700 1693 812 1737 cavere
835 1672 896 1737 dei.

105 1763 109 1769 '
138 1773 171 1823 11
186 1757 236 1823 Tu
259 1781 386 1844 quoqne
408 1758 614 1845 1111111111,
638 1763 771 1844 atquae
794 1760 856 1825 tibi
873 1761 959 1826 laeta
978 1761 1143 1848 videntum,

232 1845 319 1910 Dum
341 1847 499 1932 loqueris,
521 1848 592 1912 fieri
614 1848 723 1913 tristia
745 1870 842 1933 posse
865 1853 953 1934 puta.
1154 1903 1155 1906 η

483 2060 513 2124 6.
545 2056 633 2144 (Am.
651 2059 701 2124 III
724 2059 764 2146 9.)

475 2181 508 2234 In
526 2181 646 2235 mortem
664 2179 777 2237 Tibulli

185 2286 361 2351 Memnona
384 2288 412 2352 si
434 2291 551 2371 mater,
573 2291 677 2354 mater
699 2289 842 2374 ploravit
863 2288 1042 2378 Achillem,

229 2374 275 2439 Et
296 2378 438 2461 tangunt
460 2398 595 2463 magnas
617 2378 727 2443 tristia
749 2378 819 2443 fata
842 2378 931 2463 deas,

184 2461 319 2529 Flebilis
341 2465 506 2551 indignos,
529 2466 678 2551 Elegeia,
702 2466 793 2532 solve
816 2466 960 2550 capillos.

228 2552 272 2637 A,
296 2553 394 2619 nimis
418 2577 457 2620 ex
480 2576 557 2620 vero
580 2576 667 2620 nunc
689 2555 751 2621 tibi
773 2576 893 2621 nornen
916 2557 990 2621 erit!

155 2640 245 2706 oIlle
268 2641 318 2705 tui
340 2645 431 2708 vates
455 2644 576 2728 operis,
598 2647 656 2708 tua
678 2643 779 2728 fama,
802 2642 950 2709 Tibullus

229 2728 335 2794 Ardet
357 2731 393 2794 in
416 2736 592 2816 exstructo,
615 2753 732 2817 corpus
754 2732 866 2815 inane,
888 2753 978 2818 rogo.

184 2817 283 2901 Ecce,
305 2840 386 2901 puer
406 2818 545 2887 Veneris
568 2822 633 2885 fert
655 2841 864 2906 eversamque
886 2820 1081 2906 pharetram

228 2905 274 2970 111
296 2906 417 2973 fractos
442 2930 534 2974 arcus
558 2913 592 2974 et
615 2909 685 2974 sine
707 2910 778 2975 luce
801 2909 914 2975 facem.

182 2993 335 3078 Adspice,
362 2996 510 3064 demissis
533 3002 570 3064 ut
593 3001 647 3063 eat
669 2997 865 3064 miserabilis
888 2998 963 3083 alis,

134 3099 167 3147 10
226 3081 425 3170 Pectoraque
448 3086 568 3152 infesta
590 3087 708 3152 tundat
730 3089 842 3170 aperta
864 3108 971 3152 manu.

182 3170 359 3254 Excipiunt
381 3174 530 3242 lacrimas
554 3176 661 3260 sparsi
682 3197 741 3259 per
762 3175 847 3240 colla
869 3175 992 3261 capilli,

227 3258 356 3343 Oraque
380 3262 524 3347 singultu
547 3263 752 3330 concutiente
775 3266 902 3329 sonant

182 3346 306 3413 Fratris
329 3349 365 3412 in
387 3348 517 3418 Aeneae
541 3354 588 3420 sic
610 3352 702 3417 illum
724 3353 836 3417 fimare
859 3352 973 3418 dicunt

226 3436 403 3522 Egressum
427 3441 537 3527 tectis,
560 3441 694 3527 pulcher
715 3441 797 3525 Iule,
819 3440 895 3506 tuis.
