<?xml version="1.0" encoding="UTF-8"?>
<!DOCTYPE html PUBLIC "-//W3C//DTD XHTML 1.0 Transitional//EN"
    "http://www.w3.org/TR/xhtml1/DTD/xhtml1-transitional.dtd">
<html xmlns="http://www.w3.org/1999/xhtml" xml:lang="en" lang="en">
 <head>
  <title>
</title>
<meta http-equiv="Content-Type" content="text/html;charset=utf-8" />
  <meta name='ocr-system' content='tesseract 3.04.00' />
  <meta name='ocr-capabilities' content='ocr_page ocr_carea ocr_par ocr_line ocrx_word'/>
</head>
<body>
  <div class='ocr_page' id='page_1' title='image "./eclogaepoetarum00unkngoog_0051.png"; bbox 0 0 2384 3848; ppageno 0'>
   <div class='ocr_carea' id='block_1_1' title="bbox 84 175 725 246">
    <p class='ocr_par' dir='ltr' id='par_1_1' title="bbox 84 175 725 246">
     <span class='ocr_line' id='line_1_1' title="bbox 84 175 725 246; baseline -0.009 -10"><span class='ocrx_word' id='word_1_1' title='bbox 84 180 130 246; x_wconf 84' lang='lat'>40</span> <span class='ocrx_word' id='word_1_2' title='bbox 452 177 501 232; x_wconf 86' lang='lat'>111.</span> <span class='ocrx_word' id='word_1_3' title='bbox 519 175 725 234; x_wconf 74' lang='lat' dir='ltr'>chunnlvs</span> 
     </span>
    </p>
   </div>
   <div class='ocr_carea' id='block_1_2' title="bbox 56 319 1106 3513">
    <p class='ocr_par' dir='ltr' id='par_1_2' title="bbox 56 319 1105 3513">
     <span class='ocr_line' id='line_1_2' title="bbox 154 319 1008 406; baseline -0.007 -16"><span class='ocrx_word' id='word_1_4' title='bbox 154 322 359 400; x_wconf 73' lang='lat' dir='ltr'>Quaerebant</span> <span class='ocrx_word' id='word_1_5' title='bbox 380 322 490 406; x_wconf 87' lang='lat' dir='ltr'>pavidi</span> <span class='ocrx_word' id='word_1_6' title='bbox 513 323 660 406; x_wconf 89' lang='lat' dir='ltr'>palantes</span> <span class='ocrx_word' id='word_1_7' title='bbox 682 324 759 386; x_wconf 85' lang='lat' dir='ltr'>noct</span> <span class='ocrx_word' id='word_1_8' title='bbox 759 321 787 385; x_wconf 88' lang='lat' dir='ltr'>is</span> <span class='ocrx_word' id='word_1_9' title='bbox 810 321 844 384; x_wconf 93' lang='lat' dir='ltr'>in</span> <span class='ocrx_word' id='word_1_10' title='bbox 864 319 1008 401; x_wconf 84' lang='lat' dir='ltr'>umbris,</span> 
     </span>
     <span class='ocr_line' id='line_1_3' title="bbox 65 409 941 499; baseline -0.006 -21"><span class='ocrx_word' id='word_1_11' title='bbox 65 491 69 499; x_wconf 27' lang='grc' dir='ltr'>Ι</span> <span class='ocrx_word' id='word_1_12' title='bbox 153 411 253 478; x_wconf 86' lang='lat' dir='ltr'>Sedt</span> <span class='ocrx_word' id='word_1_13' title='bbox 238 411 331 478; x_wconf 83' lang='lat' dir='ltr'>taciti</span> <span class='ocrx_word' id='word_1_14' title='bbox 353 411 582 494; x_wconf 71' lang='lat' dir='ltr'><strong>respectabant</strong></span> <span class='ocrx_word' id='word_1_15' title='bbox 605 431 782 495; x_wconf 82' lang='lat' dir='ltr'>somnoque</span> <span class='ocrx_word' id='word_1_16' title='bbox 805 409 941 494; x_wconf 77' lang='lat' dir='ltr'>sepulti,</span> 
     </span>
     <span class='ocr_line' id='line_1_4' title="bbox 153 498 948 566; baseline -0.004 0"><span class='ocrx_word' id='word_1_17' title='bbox 153 501 240 566; x_wconf 91' lang='lat' dir='ltr'>Dum</span> <span class='ocrx_word' id='word_1_18' title='bbox 262 521 358 565; x_wconf 87' lang='lat' dir='ltr'>rosea</span> <span class='ocrx_word' id='word_1_19' title='bbox 380 499 450 564; x_wconf 85' lang='lat' dir='ltr'>face</span> <span class='ocrx_word' id='word_1_20' title='bbox 473 500 523 564; x_wconf 86' lang='lat' dir='ltr'>sol</span> <span class='ocrx_word' id='word_1_21' title='bbox 546 498 681 563; x_wconf 85' lang='lat' dir='ltr'>inferret</span> <span class='ocrx_word' id='word_1_22' title='bbox 702 499 826 562; x_wconf 87' lang='lat' dir='ltr'>lumina</span> <span class='ocrx_word' id='word_1_23' title='bbox 843 498 948 564; x_wconf 86' lang='lat' dir='ltr'>eaelo:</span> 
     </span>
     <span class='ocr_line' id='line_1_5' title="bbox 153 587 1060 674; baseline -0.002 -20"><span class='ocrx_word' id='word_1_24' title='bbox 153 589 184 654; x_wconf 83' lang='lat' dir='ltr'>A</span> <span class='ocrx_word' id='word_1_25' title='bbox 206 611 315 674; x_wconf 80' lang='lat' dir='ltr'>parma</span> <span class='ocrx_word' id='word_1_26' title='bbox 339 587 423 673; x_wconf 91' lang='lat' dir='ltr'>quod</span> <span class='ocrx_word' id='word_1_27' title='bbox 447 587 534 652; x_wconf 89' lang='lat' dir='ltr'>enim</span> <span class='ocrx_word' id='word_1_28' title='bbox 557 590 752 653; x_wconf 81' lang='lat' dir='ltr'>consuerant</span> <span class='ocrx_word' id='word_1_29' title='bbox 776 608 905 652; x_wconf 85' lang='lat' dir='ltr'>eernere</span> <span class='ocrx_word' id='word_1_30' title='bbox 929 607 1060 671; x_wconf 81' lang='lat' dir='ltr'>semper</span> 
     </span>
     <span class='ocr_line' id='line_1_6' title="bbox 87 674 943 777; baseline -0.006 -33"><span class='ocrx_word' id='word_1_31' title='bbox 87 696 138 746; x_wconf 83' lang='lat'>190</span> <span class='ocrx_word' id='word_1_32' title='bbox 153 677 291 742; x_wconf 86' lang='lat' dir='ltr'>Altemo</span> <span class='ocrx_word' id='word_1_33' title='bbox 315 677 465 742; x_wconf 90' lang='lat' dir='ltr'>tenebras</span> <span class='ocrx_word' id='word_1_34' title='bbox 489 679 522 741; x_wconf 91' lang='lat' dir='ltr'>et</span> <span class='ocrx_word' id='word_1_35' title='bbox 507 676 647 742; x_wconf 88' lang='lat' dir='ltr'>tlueem</span> <span class='ocrx_word' id='word_1_36' title='bbox 666 678 815 777; x_wconf 86' lang='lat' dir='ltr'>tempore</span> <span class='ocrx_word' id='word_1_37' title='bbox 839 674 943 760; x_wconf 82' lang='lat' dir='ltr'><strong>gigni,</strong></span> 
     </span>
     <span class='ocr_line' id='line_1_7' title="bbox 153 764 954 848; baseline -0.004 -18"><span class='ocrx_word' id='word_1_38' title='bbox 153 764 231 831; x_wconf 90' lang='lat' dir='ltr'>Non</span> <span class='ocrx_word' id='word_1_39' title='bbox 252 768 367 830; x_wconf 80' lang='lat' dir='ltr'>oratu</span> <span class='ocrx_word' id='word_1_40' title='bbox 345 765 475 830; x_wconf 84' lang='lat' dir='ltr'>utfieri</span> <span class='ocrx_word' id='word_1_41' title='bbox 496 767 609 848; x_wconf 87' lang='lat' dir='ltr'>posset</span> <span class='ocrx_word' id='word_1_42' title='bbox 630 764 778 829; x_wconf 86' lang='lat' dir='ltr'>mirarier</span> <span class='ocrx_word' id='word_1_43' title='bbox 800 784 954 847; x_wconf 87' lang='lat' dir='ltr'>umquam</span> 
     </span>
     <span class='ocr_line' id='line_1_8' title="bbox 152 853 895 938; baseline -0.007 -18"><span class='ocrx_word' id='word_1_44' title='bbox 152 854 222 920; x_wconf 85' lang='lat' dir='ltr'>Nea</span> <span class='ocrx_word' id='word_1_45' title='bbox 245 853 404 938; x_wconf 81' lang='lat' dir='ltr'>diffidere,</span> <span class='ocrx_word' id='word_1_46' title='bbox 424 875 466 921; x_wconf 89' lang='lat' dir='ltr'>ne</span> <span class='ocrx_word' id='word_1_47' title='bbox 489 857 592 918; x_wconf 89' lang='lat' dir='ltr'>terras</span> <span class='ocrx_word' id='word_1_48' title='bbox 616 856 747 917; x_wconf 87' lang='lat' dir='ltr'>aeterna</span> <span class='ocrx_word' id='word_1_49' title='bbox 768 855 895 917; x_wconf 86' lang='lat' dir='ltr'>teneret</span> 
     </span>
     <span class='ocr_line' id='line_1_9' title="bbox 135 904 918 1027; baseline -0.008 -18"><span class='ocrx_word' id='word_1_50' title='bbox 135 942 257 1009; x_wconf 84' lang='grc' dir='ltr'><strong>-Νοιι</strong></span> <span class='ocrx_word' id='word_1_51' title='bbox 247 965 282 1009; x_wconf 90' lang='grc' dir='ltr'>ιιι</span> <span class='ocrx_word' id='word_1_52' title='bbox 303 904 494 1027; x_wconf 67' lang='lat' dir='ltr'>perpituum</span> <span class='ocrx_word' id='word_1_53' title='bbox 517 941 663 1007; x_wconf 82' lang='lat' dir='ltr'>detracto</span> <span class='ocrx_word' id='word_1_54' title='bbox 686 940 808 1005; x_wconf 89' lang='lat' dir='ltr'>lumine</span> <span class='ocrx_word' id='word_1_55' title='bbox 831 938 918 1005; x_wconf 88' lang='lat' dir='ltr'>solis.</span> 
     </span>
     <span class='ocr_line' id='line_1_10' title="bbox 153 1027 1081 1116; baseline -0.006 -18"><span class='ocrx_word' id='word_1_56' title='bbox 153 1031 216 1098; x_wconf 84' lang='lat' dir='ltr'>Sed</span> <span class='ocrx_word' id='word_1_57' title='bbox 238 1032 343 1116; x_wconf 82' lang='lat' dir='ltr'>magis</span> <span class='ocrx_word' id='word_1_58' title='bbox 366 1030 447 1096; x_wconf 89' lang='lat' dir='ltr'>illud</span> <span class='ocrx_word' id='word_1_59' title='bbox 470 1033 541 1094; x_wconf 89' lang='lat' dir='ltr'>erat</span> <span class='ocrx_word' id='word_1_60' title='bbox 564 1051 674 1113; x_wconf 85' lang='lat' dir='ltr'>curae,</span> <span class='ocrx_word' id='word_1_61' title='bbox 696 1028 782 1112; x_wconf 90' lang='lat' dir='ltr'>quod</span> <span class='ocrx_word' id='word_1_62' title='bbox 806 1027 913 1093; x_wconf 80' lang='lat' dir='ltr'>saeela</span> <span class='ocrx_word' id='word_1_63' title='bbox 935 1027 1081 1094; x_wconf 88' lang='lat' dir='ltr'>ferarum</span> 
     </span>
     <span class='ocr_line' id='line_1_11' title="bbox 86 1117 939 1201; baseline -0.007 -15"><span class='ocrx_word' id='word_1_64' title='bbox 86 1136 138 1188; x_wconf 73' lang='lat'>19⁶</span> <span class='ocrx_word' id='word_1_65' title='bbox 152 1119 309 1185; x_wconf 83' lang='lat' dir='ltr'>Infestam</span> <span class='ocrx_word' id='word_1_66' title='bbox 332 1119 457 1184; x_wconf 87' lang='lat' dir='ltr'>miseris</span> <span class='ocrx_word' id='word_1_67' title='bbox 480 1117 643 1183; x_wconf 78' lang='lat' dir='ltr'>faciebant</span> <span class='ocrx_word' id='word_1_68' title='bbox 667 1139 762 1201; x_wconf 80' lang='lat' dir='ltr'>saepe</span> <span class='ocrx_word' id='word_1_69' title='bbox 786 1118 939 1200; x_wconf 90' lang='lat' dir='ltr'>quietem:</span> 
     </span>
     <span class='ocr_line' id='line_1_12' title="bbox 152 1205 863 1291; baseline -0.006 -18"><span class='ocrx_word' id='word_1_70' title='bbox 152 1208 320 1291; x_wconf 83' lang='lat' dir='ltr'>Eieetique</span> <span class='ocrx_word' id='word_1_71' title='bbox 343 1207 439 1272; x_wconf 90' lang='lat' dir='ltr'>domo</span> <span class='ocrx_word' id='word_1_72' title='bbox 463 1205 635 1291; x_wconf 73' lang='lat' dir='ltr'>fugiebant</span> <span class='ocrx_word' id='word_1_73' title='bbox 657 1227 754 1270; x_wconf 87' lang='lat' dir='ltr'>saxea</span> <span class='ocrx_word' id='word_1_74' title='bbox 776 1208 863 1270; x_wconf 80' lang='lat' dir='ltr'>teuta</span> 
     </span>
     <span class='ocr_line' id='line_1_13' title="bbox 154 1293 892 1380; baseline -0.008 -18"><span class='ocrx_word' id='word_1_75' title='bbox 154 1295 338 1380; x_wconf 81' lang='lat' dir='ltr'>Spumigeri</span> <span class='ocrx_word' id='word_1_76' title='bbox 361 1295 428 1360; x_wconf 88' lang='lat' dir='ltr'>suis</span> <span class='ocrx_word' id='word_1_77' title='bbox 452 1294 592 1361; x_wconf 84' lang='lat' dir='ltr'>adventu</span> <span class='ocrx_word' id='word_1_78' title='bbox 614 1293 753 1360; x_wconf 79' lang='lat' dir='ltr'>validive</span> <span class='ocrx_word' id='word_1_79' title='bbox 775 1293 892 1376; x_wconf 83' lang='lat' dir='ltr'>leonis,</span> 
     </span>
     <span class='ocr_line' id='line_1_14' title="bbox 152 1383 956 1468; baseline -0.002 -19"><span class='ocrx_word' id='word_1_80' title='bbox 152 1383 480 1468; x_wconf 87' lang='lat' dir='ltr'>Atque-intempesta</span> <span class='ocrx_word' id='word_1_81' title='bbox 502 1383 660 1449; x_wconf 82' lang='lat' dir='ltr'>cedebant</span> <span class='ocrx_word' id='word_1_82' title='bbox 681 1384 776 1447; x_wconf 86' lang='lat' dir='ltr'>noete</span> <span class='ocrx_word' id='word_1_83' title='bbox 799 1383 956 1465; x_wconf 85' lang='lat' dir='ltr'>paventes</span> 
     </span>
     <span class='ocr_line' id='line_1_15' title="bbox 151 1468 924 1556; baseline -0.003 -19"><span class='ocrx_word' id='word_1_84' title='bbox 151 1471 344 1556; x_wconf 88' lang='lat' dir='ltr'>Hospitibus</span> <span class='ocrx_word' id='word_1_85' title='bbox 367 1472 472 1538; x_wconf 88' lang='lat' dir='ltr'>saevis</span> <span class='ocrx_word' id='word_1_86' title='bbox 496 1472 635 1537; x_wconf 86' lang='lat' dir='ltr'>instrata</span> <span class='ocrx_word' id='word_1_87' title='bbox 658 1470 779 1535; x_wconf 82' lang='lat' dir='ltr'>cubilia</span> <span class='ocrx_word' id='word_1_88' title='bbox 800 1468 924 1535; x_wconf 83' lang='lat' dir='ltr'>fronde.</span> 
     </span>
     <span class='ocr_line' id='line_1_16' title="bbox 88 1559 1105 1644; baseline -0.003 -18"><span class='ocrx_word' id='word_1_89' title='bbox 88 1578 141 1628; x_wconf 77' lang='lat'>200</span> <span class='ocrx_word' id='word_1_90' title='bbox 199 1559 278 1627; x_wconf 88' lang='lat' dir='ltr'>Nee</span> <span class='ocrx_word' id='word_1_91' title='bbox 301 1560 419 1626; x_wconf 91' lang='lat' dir='ltr'>nimio</span> <span class='ocrx_word' id='word_1_92' title='bbox 442 1563 523 1624; x_wconf 88' lang='lat' dir='ltr'>turn</span> <span class='ocrx_word' id='word_1_93' title='bbox 545 1560 632 1643; x_wconf 87' lang='lat' dir='ltr'>plus</span> <span class='ocrx_word' id='word_1_94' title='bbox 655 1580 766 1644; x_wconf 88' lang='lat' dir='ltr'>quam</span> <span class='ocrx_word' id='word_1_95' title='bbox 792 1578 891 1623; x_wconf 86' lang='lat' dir='ltr'>nuno</span> <span class='ocrx_word' id='word_1_96' title='bbox 918 1559 1105 1624; x_wconf 90' lang='lat' dir='ltr'>mortalia</span> 
     </span>
     <span class='ocr_line' id='line_1_17' title="bbox 835 1647 964 1712; baseline 0 -1"><span class='ocrx_word' id='word_1_97' title='bbox 835 1647 964 1712; x_wconf 87' lang='lat' dir='ltr'>saeela</span> 
     </span>
     <span class='ocr_line' id='line_1_18' title="bbox 151 1735 1047 1821; baseline -0.002 -19"><span class='ocrx_word' id='word_1_98' title='bbox 151 1736 293 1802; x_wconf 81' lang='lat' dir='ltr'>Dulcia</span> <span class='ocrx_word' id='word_1_99' title='bbox 314 1736 546 1821; x_wconf 76' lang='lat' dir='ltr'>linquebant</span> <span class='ocrx_word' id='word_1_100' title='bbox 568 1735 741 1800; x_wconf 88' lang='lat' dir='ltr'>lab-entis</span> <span class='ocrx_word' id='word_1_101' title='bbox 763 1735 909 1801; x_wconf 88' lang='lat' dir='ltr'>lumina</span> <span class='ocrx_word' id='word_1_102' title='bbox 931 1735 1047 1800; x_wconf 78' lang='lat' dir='ltr'>vitae</span> 
     </span>
     <span class='ocr_line' id='line_1_19' title="bbox 151 1823 1070 1909; baseline -0.003 -18"><span class='ocrx_word' id='word_1_103' title='bbox 151 1825 245 1892; x_wconf 87' lang='lat' dir='ltr'>Vnus</span> <span class='ocrx_word' id='word_1_104' title='bbox 269 1826 354 1890; x_wconf 89' lang='lat' dir='ltr'>enim</span> <span class='ocrx_word' id='word_1_105' title='bbox 376 1828 447 1889; x_wconf 89' lang='lat' dir='ltr'>tum</span> <span class='ocrx_word' id='word_1_106' title='bbox 470 1824 605 1909; x_wconf 87' lang='lat' dir='ltr'>quisque</span> <span class='ocrx_word' id='word_1_107' title='bbox 628 1824 732 1909; x_wconf 87' lang='lat' dir='ltr'>magis</span> <span class='ocrx_word' id='word_1_108' title='bbox 755 1823 931 1908; x_wconf 88' lang='lat' dir='ltr'>deprensus</span> <span class='ocrx_word' id='word_1_109' title='bbox 955 1844 1070 1889; x_wconf 86' lang='lat' dir='ltr'>eorum</span> 
     </span>
     <span class='ocr_line' id='line_1_20' title="bbox 153 1911 1038 1997; baseline -0.002 -19"><span class='ocrx_word' id='word_1_110' title='bbox 153 1913 280 1980; x_wconf 84' lang='lat' dir='ltr'>Pabula</span> <span class='ocrx_word' id='word_1_111' title='bbox 302 1914 376 1979; x_wconf 82' lang='lat' dir='ltr'>riva</span> <span class='ocrx_word' id='word_1_112' title='bbox 398 1913 476 1978; x_wconf 85' lang='lat' dir='ltr'>feris</span> <span class='ocrx_word' id='word_1_113' title='bbox 498 1913 688 1997; x_wconf 86' lang='lat' dir='ltr'>praebebat,</span> <span class='ocrx_word' id='word_1_114' title='bbox 711 1912 862 1977; x_wconf 85' lang='lat' dir='ltr'>dentibus</span> <span class='ocrx_word' id='word_1_115' title='bbox 885 1911 1038 1997; x_wconf 81' lang='lat' dir='ltr'>haustus,</span> 
     </span>
     <span class='ocr_line' id='line_1_21' title="bbox 151 2001 1075 2088; baseline -0.004 -19"><span class='ocrx_word' id='word_1_116' title='bbox 151 2003 197 2069; x_wconf 83' lang='lat' dir='ltr'>Et</span> <span class='ocrx_word' id='word_1_117' title='bbox 218 2025 353 2069; x_wconf 89' lang='lat' dir='ltr'>nemora</span> <span class='ocrx_word' id='word_1_118' title='bbox 375 2024 418 2088; x_wconf 78' lang='lat' dir='ltr'>ae¹</span> <span class='ocrx_word' id='word_1_119' title='bbox 434 2002 556 2068; x_wconf 86' lang='lat' dir='ltr'>montis</span> <span class='ocrx_word' id='word_1_120' title='bbox 580 2001 704 2086; x_wconf 85' lang='lat' dir='ltr'>gemitu</span> <span class='ocrx_word' id='word_1_121' title='bbox 726 2001 889 2085; x_wconf 83' lang='lat' dir='ltr'>silvasque</span> <span class='ocrx_word' id='word_1_122' title='bbox 912 2001 1075 2086; x_wconf 85' lang='lat' dir='ltr'>replebat,</span> 
     </span>
     <span class='ocr_line' id='line_1_22' title="bbox 85 2089 898 2174; baseline -0.004 -16"><span class='ocrx_word' id='word_1_123' title='bbox 85 2109 138 2160; x_wconf 75' lang='lat' dir='ltr'>aot</span> <span class='ocrx_word' id='word_1_124' title='bbox 152 2091 239 2158; x_wconf 86' lang='lat' dir='ltr'>Viva</span> <span class='ocrx_word' id='word_1_125' title='bbox 260 2091 371 2159; x_wconf 82' lang='lat' dir='ltr'>videns</span> <span class='ocrx_word' id='word_1_126' title='bbox 394 2091 468 2156; x_wconf 81' lang='lat' dir='ltr'>vivo</span> <span class='ocrx_word' id='word_1_127' title='bbox 493 2090 622 2174; x_wconf 90' lang='lat' dir='ltr'>sepeliri</span> <span class='ocrx_word' id='word_1_128' title='bbox 644 2089 769 2164; x_wconf 79' lang='lat' dir='ltr'>viscera</span> <span class='ocrx_word' id='word_1_129' title='bbox 791 2089 898 2155; x_wconf 90' lang='lat' dir='ltr'>busto.</span> 
     </span>
     <span class='ocr_line' id='line_1_23' title="bbox 151 2177 941 2264; baseline -0.001 -20"><span class='ocrx_word' id='word_1_130' title='bbox 151 2179 198 2244; x_wconf 86' lang='lat' dir='ltr'>At</span> <span class='ocrx_word' id='word_1_131' title='bbox 221 2201 301 2264; x_wconf 88' lang='lat' dir='ltr'>quos</span> <span class='ocrx_word' id='word_1_132' title='bbox 326 2179 481 2264; x_wconf 82' lang='lat' dir='ltr'>effugium</span> <span class='ocrx_word' id='word_1_133' title='bbox 505 2181 649 2243; x_wconf 86' lang='lat' dir='ltr'>servarat</span> <span class='ocrx_word' id='word_1_134' title='bbox 671 2199 804 2262; x_wconf 86' lang='lat' dir='ltr'>corpore</span> <span class='ocrx_word' id='word_1_135' title='bbox 828 2177 941 2261; x_wconf 85' lang='lat' dir='ltr'>adeso,</span> 
     </span>
     <span class='ocr_line' id='line_1_24' title="bbox 152 2266 1049 2350; baseline -0.002 -17"><span class='ocrx_word' id='word_1_136' title='bbox 152 2267 320 2333; x_wconf 72' lang='lat' dir='ltr'>Posterius</span> <span class='ocrx_word' id='word_1_137' title='bbox 343 2266 498 2331; x_wconf 86' lang='lat' dir='ltr'>tremulas</span> <span class='ocrx_word' id='word_1_138' title='bbox 522 2288 618 2350; x_wconf 86' lang='lat' dir='ltr'>super</span> <span class='ocrx_word' id='word_1_139' title='bbox 640 2267 749 2332; x_wconf 88' lang='lat' dir='ltr'>uloera</span> <span class='ocrx_word' id='word_1_140' title='bbox 770 2270 877 2333; x_wconf 90' lang='lat' dir='ltr'>taetra</span> <span class='ocrx_word' id='word_1_141' title='bbox 898 2269 1049 2333; x_wconf 85' lang='lat' dir='ltr'>tenentes</span> 
     </span>
     <span class='ocr_line' id='line_1_25' title="bbox 151 2354 959 2440; baseline -0.002 -20"><span class='ocrx_word' id='word_1_142' title='bbox 151 2356 283 2421; x_wconf 88' lang='lat' dir='ltr'>Palmas</span> <span class='ocrx_word' id='word_1_143' title='bbox 305 2355 474 2421; x_wconf 87' lang='lat' dir='ltr'>horriferis</span> <span class='ocrx_word' id='word_1_144' title='bbox 498 2355 647 2420; x_wconf 77' lang='lat' dir='ltr'>accibant</span> <span class='ocrx_word' id='word_1_145' title='bbox 670 2355 803 2421; x_wconf 82' lang='lat' dir='ltr'>vocibus</span> <span class='ocrx_word' id='word_1_146' title='bbox 826 2354 959 2440; x_wconf 86' lang='lat' dir='ltr'>Oreum,</span> 
     </span>
     <span class='ocr_line' id='line_1_26' title="bbox 152 2442 962 2529; baseline -0.001 -20"><span class='ocrx_word' id='word_1_147' title='bbox 152 2442 302 2529; x_wconf 85' lang='lat' dir='ltr'>Denique</span> <span class='ocrx_word' id='word_1_148' title='bbox 326 2466 381 2510; x_wconf 88' lang='lat' dir='ltr'>eos</span> <span class='ocrx_word' id='word_1_149' title='bbox 405 2443 473 2509; x_wconf 88' lang='lat' dir='ltr'>vita</span> <span class='ocrx_word' id='word_1_150' title='bbox 494 2444 665 2527; x_wconf 87' lang='lat' dir='ltr'>privarunt</span> <span class='ocrx_word' id='word_1_151' title='bbox 687 2444 831 2508; x_wconf 85' lang='lat' dir='ltr'>vermina</span> <span class='ocrx_word' id='word_1_152' title='bbox 854 2465 962 2527; x_wconf 80' lang='lat' dir='ltr'>saeva,</span> 
     </span>
     <span class='ocr_line' id='line_1_27' title="bbox 88 2531 981 2617; baseline -0.001 -18"><span class='ocrx_word' id='word_1_153' title='bbox 88 2549 141 2599; x_wconf 80' lang='lat'>210</span> <span class='ocrx_word' id='word_1_154' title='bbox 154 2531 309 2617; x_wconf 82' lang='lat' dir='ltr'>Expertis</span> <span class='ocrx_word' id='word_1_155' title='bbox 332 2533 418 2616; x_wconf 87' lang='lat' dir='ltr'>opis,</span> <span class='ocrx_word' id='word_1_156' title='bbox 440 2532 574 2616; x_wconf 82' lang='lat' dir='ltr'>ignaros</span> <span class='ocrx_word' id='word_1_157' title='bbox 598 2531 674 2616; x_wconf 87' lang='lat' dir='ltr'>quid</span> <span class='ocrx_word' id='word_1_158' title='bbox 696 2532 829 2598; x_wconf 82' lang='lat' dir='ltr'>volnera</span> <span class='ocrx_word' id='word_1_159' title='bbox 850 2532 981 2599; x_wconf 71' lang='lat' dir='ltr'>¹uellent</span> 
     </span>
     <span class='ocr_line' id='line_1_28' title="bbox 152 2619 988 2704; baseline 0.001 -19"><span class='ocrx_word' id='word_1_160' title='bbox 152 2621 199 2686; x_wconf 87' lang='lat' dir='ltr'>At</span> <span class='ocrx_word' id='word_1_161' title='bbox 221 2642 289 2687; x_wconf 93' lang='lat' dir='ltr'>non</span> <span class='ocrx_word' id='word_1_162' title='bbox 310 2622 415 2686; x_wconf 88' lang='lat' dir='ltr'>multa</span> <span class='ocrx_word' id='word_1_163' title='bbox 437 2621 543 2685; x_wconf 83' lang='lat' dir='ltr'>virum</span> <span class='ocrx_word' id='word_1_164' title='bbox 566 2621 626 2685; x_wconf 83' lang='lat' dir='ltr'>sub</span> <span class='ocrx_word' id='word_1_165' title='bbox 650 2619 755 2704; x_wconf 80' lang='lat' dir='ltr'>signis</span> <span class='ocrx_word' id='word_1_166' title='bbox 775 2620 869 2685; x_wconf 92' lang='lat' dir='ltr'>milia</span> <span class='ocrx_word' id='word_1_167' title='bbox 891 2620 988 2686; x_wconf 81' lang='lat' dir='ltr'>dueta</span> 
     </span>
     <span class='ocr_line' id='line_1_29' title="bbox 151 2707 1000 2791; baseline -0.005 -18"><span class='ocrx_word' id='word_1_168' title='bbox 151 2709 227 2775; x_wconf 87' lang='lat' dir='ltr'>Vna</span> <span class='ocrx_word' id='word_1_169' title='bbox 249 2709 319 2775; x_wconf 88' lang='lat' dir='ltr'>dies</span> <span class='ocrx_word' id='word_1_170' title='bbox 341 2709 442 2774; x_wconf 87' lang='lat' dir='ltr'>dabat</span> <span class='ocrx_word' id='word_1_171' title='bbox 464 2709 578 2791; x_wconf 86' lang='lat' dir='ltr'>exitio,</span> <span class='ocrx_word' id='word_1_172' title='bbox 601 2730 659 2773; x_wconf 87' lang='lat' dir='ltr'>neo</span> <span class='ocrx_word' id='word_1_173' title='bbox 681 2707 813 2774; x_wconf 87' lang='lat' dir='ltr'>turbida</span> <span class='ocrx_word' id='word_1_174' title='bbox 834 2709 979 2791; x_wconf 90' lang='lat' dir='ltr'>ponti</span> <span class='ocrx_word' id='word_1_175' title='bbox 997 2764 1000 2769; x_wconf 16' lang='grc' dir='ltr'><strong>Α</strong></span> 
     </span>
     <span class='ocr_line' id='line_1_30' title="bbox 152 2796 947 2898; baseline -0.001 -36"><span class='ocrx_word' id='word_1_176' title='bbox 152 2799 306 2882; x_wconf 85' lang='lat' dir='ltr'>Aequora</span> <span class='ocrx_word' id='word_1_177' title='bbox 328 2796 485 2898; x_wconf 81' lang='lat' dir='ltr'>itigabant</span> <span class='ocrx_word' id='word_1_178' title='bbox 507 2797 599 2861; x_wconf 89' lang='lat' dir='ltr'>navis</span> <span class='ocrx_word' id='word_1_179' title='bbox 624 2796 665 2861; x_wconf 89' lang='lat' dir='ltr'>ad</span> <span class='ocrx_word' id='word_1_180' title='bbox 689 2818 768 2865; x_wconf 83' lang='lat' dir='ltr'>saxa</span> <span class='ocrx_word' id='word_1_181' title='bbox 789 2797 947 2881; x_wconf 83' lang='lat' dir='ltr'>virosque.</span> 
     </span>
     <span class='ocr_line' id='line_1_31' title="bbox 151 2884 1106 2968; baseline -0.001 -18"><span class='ocrx_word' id='word_1_182' title='bbox 151 2884 264 2950; x_wconf 87' lang='lat' dir='ltr'>Hiet</span> <span class='ocrx_word' id='word_1_183' title='bbox 249 2888 370 2952; x_wconf 87' lang='lat' dir='ltr'>temere</span> <span class='ocrx_word' id='word_1_184' title='bbox 402 2885 436 2951; x_wconf 92' lang='lat' dir='ltr'>in</span> <span class='ocrx_word' id='word_1_185' title='bbox 468 2905 595 2949; x_wconf 80' lang='lat' dir='ltr'>cassum</span> <span class='ocrx_word' id='word_1_186' title='bbox 624 2885 746 2949; x_wconf 86' lang='lat' dir='ltr'>frustra</span> <span class='ocrx_word' id='word_1_187' title='bbox 773 2906 862 2950; x_wconf 86' lang='lat' dir='ltr'>mare</span> <span class='ocrx_word' id='word_1_188' title='bbox 890 2905 986 2968; x_wconf 85' lang='lat' dir='ltr'>saepe</span> <span class='ocrx_word' id='word_1_189' title='bbox 1014 2905 1106 2951; x_wconf 80' lang='lat' dir='ltr'>coor-</span> 
     </span>
     <span class='ocr_line' id='line_1_32' title="bbox 831 2977 903 3037; baseline 0 0"><span class='ocrx_word' id='word_1_190' title='bbox 831 2977 903 3037; x_wconf 89' lang='lat' dir='ltr'>tum</span> 
     </span>
     <span class='ocr_line' id='line_1_33' title="bbox 85 3061 997 3147; baseline -0.003 -18"><span class='ocrx_word' id='word_1_191' title='bbox 85 3079 137 3129; x_wconf 77' lang='lat'>215</span> <span class='ocrx_word' id='word_1_192' title='bbox 154 3061 306 3129; x_wconf 77' lang='lat' dir='ltr'>Saevibat</span> <span class='ocrx_word' id='word_1_193' title='bbox 326 3063 504 3147; x_wconf 83' lang='lat' dir='ltr'>leviterque</span> <span class='ocrx_word' id='word_1_194' title='bbox 526 3061 632 3126; x_wconf 87' lang='lat' dir='ltr'>minas</span> <span class='ocrx_word' id='word_1_195' title='bbox 654 3062 830 3145; x_wconf 87' lang='lat' dir='ltr'>ponebat&#39;</span> <span class='ocrx_word' id='word_1_196' title='bbox 820 3061 941 3146; x_wconf 84' lang='lat' dir='ltr'>manis,</span> <span class='ocrx_word' id='word_1_197' title='bbox 994 3098 997 3103; x_wconf 93' lang='lat'>·</span> 
     </span>
     <span class='ocr_line' id='line_1_34' title="bbox 152 3148 1013 3236; baseline -0.001 -20"><span class='ocrx_word' id='word_1_198' title='bbox 152 3149 222 3217; x_wconf 88' lang='lat' dir='ltr'>Nee</span> <span class='ocrx_word' id='word_1_199' title='bbox 244 3153 376 3233; x_wconf 89' lang='lat' dir='ltr'>poterat</span> <span class='ocrx_word' id='word_1_200' title='bbox 398 3172 592 3236; x_wconf 88' lang='lat' dir='ltr'>quemquam</span> <span class='ocrx_word' id='word_1_201' title='bbox 614 3149 735 3233; x_wconf 83' lang='lat' dir='ltr'>placidi</span> <span class='ocrx_word' id='word_1_202' title='bbox 757 3149 897 3234; x_wconf 75' lang='lat' dir='ltr'>pellacia</span> <span class='ocrx_word' id='word_1_203' title='bbox 918 3148 1013 3233; x_wconf 92' lang='lat' dir='ltr'>ponti</span> 
     </span>
     <span class='ocr_line' id='line_1_35' title="bbox 154 3236 1028 3322; baseline -0.003 -17"><span class='ocrx_word' id='word_1_204' title='bbox 154 3236 298 3305; x_wconf 84' lang='lat' dir='ltr'>Subdola</span> <span class='ocrx_word' id='word_1_205' title='bbox 320 3239 470 3322; x_wconf 84' lang='lat' dir='ltr'>pellicere</span> <span class='ocrx_word' id='word_1_206' title='bbox 493 3239 528 3303; x_wconf 94' lang='lat' dir='ltr'>in</span> <span class='ocrx_word' id='word_1_207' title='bbox 549 3238 696 3303; x_wconf 81' lang='lat' dir='ltr'>fraudem</span> <span class='ocrx_word' id='word_1_208' title='bbox 718 3237 898 3305; x_wconf 87' lang='lat' dir='ltr'>ridentibus</span> <span class='ocrx_word' id='word_1_209' title='bbox 921 3237 1028 3302; x_wconf 84' lang='lat' dir='ltr'>undis.</span> 
     </span>
     <span class='ocr_line' id='line_1_36' title="bbox 152 3325 918 3411; baseline -0.003 -19"><span class='ocrx_word' id='word_1_210' title='bbox 152 3326 234 3392; x_wconf 82' lang='lat' dir='ltr'>Tum</span> <span class='ocrx_word' id='word_1_211' title='bbox 256 3327 394 3411; x_wconf 87' lang='lat' dir='ltr'>penuria</span> <span class='ocrx_word' id='word_1_212' title='bbox 416 3325 530 3393; x_wconf 90' lang='lat' dir='ltr'>deinde</span> <span class='ocrx_word' id='word_1_213' title='bbox 553 3327 617 3402; x_wconf 85' lang='lat' dir='ltr'>eibi</span> <span class='ocrx_word' id='word_1_214' title='bbox 641 3327 830 3411; x_wconf 78' lang='lat' dir='ltr'>languentia</span> <span class='ocrx_word' id='word_1_215' title='bbox 851 3327 918 3391; x_wconf 88' lang='lat' dir='ltr'>leto</span> 
     </span>
     <span class='ocr_line' id='line_1_37' title="bbox 56 3414 1081 3513; baseline -0.001 -32"><span class='ocrx_word' id='word_1_216' title='bbox 56 3496 68 3513; x_wconf 29' lang='grc' dir='ltr'>Ι.</span> <span class='ocrx_word' id='word_1_217' title='bbox 150 3414 299 3483; x_wconf 87' lang='lat' dir='ltr'>Membra</span> <span class='ocrx_word' id='word_1_218' title='bbox 323 3414 436 3497; x_wconf 86' lang='lat' dir='ltr'>dabat,</span> <span class='ocrx_word' id='word_1_219' title='bbox 459 3417 572 3481; x_wconf 84' lang='lat' dir='ltr'>contra</span> <span class='ocrx_word' id='word_1_220' title='bbox 593 3437 680 3481; x_wconf 88' lang='lat' dir='ltr'>nuno</span> <span class='ocrx_word' id='word_1_221' title='bbox 701 3437 808 3481; x_wconf 89' lang='lat' dir='ltr'>rerum</span> <span class='ocrx_word' id='word_1_222' title='bbox 829 3414 924 3498; x_wconf 84' lang='lat' dir='ltr'>eopia</span> <span class='ocrx_word' id='word_1_223' title='bbox 946 3417 1081 3480; x_wconf 87' lang='lat' dir='ltr'>mersat.</span> 
     </span>
    </p>
   </div>
   <div class='ocr_carea' id='block_1_3' title="bbox 0 0 1196 3848">
    <p class='ocr_par' dir='ltr' id='par_1_3' title="bbox 0 0 1196 3848">
     <span class='ocr_line' id='line_1_38' title="bbox 0 0 1196 3848; baseline 0 0"><span class='ocrx_word' id='word_1_224' title='bbox 0 0 1196 3848; x_wconf 95' lang='lat' dir='ltr'> </span> 
     </span>
    </p>
   </div>
  </div>
 </body>
</html>
