2384 3848
125 195 168 260 60
342 192 390 248 III.
410 191 623 248 LVCRETIVS.
660 191 707 247 IV.
728 188 921 245 CATVLLVS

129 337 313 404 1110111111
335 337 542 421 complebant
564 336 635 400 loca
656 338 818 420 tectaque3
843 356 905 419 quo
925 335 1031 420 magis
1053 339 1144 402 aestu

193 426 364 492 Confertos
387 426 435 490 ita
457 425 632 490 acervatim
655 446 743 489 mors
766 423 1000 488 accumulabat.

192 515 297 579 Multa
322 514 376 578 siti
399 517 566 598 protracta
588 513 674 578 viam
697 534 755 596 per
778 533 901 597 proque
923 511 1037 577 reluta

193 602 338 688 Corpora
360 602 482 668 silanos
505 601 546 666 ad
570 622 726 687 aquarum
750 604 853 665 strata
875 601 1028 666 iacebant

192 692 373 757 Intercluso
395 691 505 756 anima
526 690 629 754 nimia
651 689 693 754 ab
716 688 882 755 dulcedine
907 711 1079 775 aquarum,

127 798 178 847 130
192 780 359 866 Multaque
381 801 440 863 per
462 779 575 864 populi
598 778 721 863 passim
744 778 816 865 loca
839 781 991 862 prompta
1009 779 1144 864 viasque

180 868 364 954 'Languida
386 868 565 933 semanimo
589 889 662 932 cum
685 888 821 950 corpore
848 867 995 932 membra
1016 867 1145 933 videres

193 958 334 1022 Horrida
355 957 495 1042 paedore
518 960 551 1020 et
572 955 689 1040 pannis
713 957 867 1039 cooperta
889 956 1008 1039 perire,

192 1046 363 1111 Vlceribus
386 1046 499 1110 taetris
522 1066 623 1129 prope
646 1044 712 1108 iam
736 1044 886 1129 sordique
909 1045 1045 1128 sepulta.

195 1133 312 1200 Omnia
335 1134 471 1218 denique
494 1135 606 1198 sancta
629 1133 723 1198 deum
747 1132 881 1198 delubra
905 1133 1047 1216 replerat

130 1239 179 1288 115
195 1221 393 1307 Corporibus
417 1243 505 1287 mors
529 1221 686 1287 exanimis
710 1225 907 1306 onerataque
929 1223 1054 1305 passim

194 1310 318 1377 Cuncta
341 1310 549 1381 cadaveribus
573 1310 748 1375 caelestum
771 1311 894 1396 templa
915 1310 1063 1395 tenebat,

192 1398 385 1484 Hospitibus
409 1400 481 1465 loca
504 1420 585 1485 quae
608 1398 811 1482 complerant
833 1398 1043 1464 aedituentes.

192 1487 261 1554 Nec
284 1489 350 1554 iam
373 1488 488 1572 religio
511 1487 620 1553 divum
642 1508 702 1551 nec
724 1487 859 1552 numina
882 1487 994 1571 magni

192 1577 420 1643 Pendebantur
443 1577 543 1643 enim:
566 1596 719 1660 praesens
744 1575 837 1641 dolor
860 1576 1083 1659 exsuperabat.

127 1683 178 1730 140
192 1665 261 1731 Neo
284 1687 355 1730 mos
378 1667 433 1730 ille
456 1665 644 1749 sepulturae
665 1664 855 1729 remanebat
875 1665 910 1729 in
932 1665 1028 1749 urbe,

193 1753 264 1829 Quo
287 1755 360 1840 pius
382 1753 435 1819 hic
459 1753 599 1838 populus
623 1773 750 1836 semper
772 1756 944 1818 consuerat
965 1752 1111 1820 humari:

193 1841 367 1908 Perturbat
352 1847 406 1908 tus
430 1842 514 1907 enim
537 1844 627 1906 totus
649 1840 847 1925 trepidabat,
870 1844 904 1906 et
925 1864 1010 1907 unus

193 1929 335 2016 Quisque
354 1952 449 1996 suum
466 1951 525 2014 pro
544 1951 579 1994 re
598 1933 802 2013 compostum
817 1933 959 1995 maestus
975 1930 1141 1996 humabat

193 2017 360 2105 Multaque
381 2041 433 2086 res
448 2019 566 2085 subita
589 2022 622 2082 et
633 2022 818 2120 paupertas
840 2018 973 2083 horrida
997 2021 1113 2085 suasit:

127 2123 177 2172 141
192 2106 341 2193 Namque
364 2130 440 2173 suos
463 2108 721 2192 consanguineos
746 2108 851 2172 aliena
872 2127 1028 2193 rogorum

191 2196 328 2279 Insuper
350 2200 515 2262 exstructa
537 2197 664 2280 ingenti
687 2196 831 2261 clamore
850 2195 1016 2281 locabant,

193 2281 444 2370 subdebantque
467 2285 568 2368 faces,
591 2284 695 2349 multo
719 2306 793 2350 cum
816 2284 976 2369 sanguine
999 2306 1099 2370 saepe

192 2373 348 2438 Rixantes
371 2373 479 2458 potius
504 2394 601 2459 quam
625 2394 762 2456 corpora
785 2373 1016 2439 desererentur.

381 2695 442 2767 IV.
490 2700 519 2770 t.
546 2699 702 2770 Valerius
731 2699 882 2770 tatullus

124 2827 307 2897 Veronensis,
331 2847 356 2886 a.
375 2849 403 2900 p.
418 2830 450 2885 U.
471 2838 561 2887 1667
584 2834 629 2901 (87
649 2830 753 2906 110111.
772 2834 812 2902 n.)
835 2833 987 2887 natusest.
1024 2829 1143 2886 Adules-

126 2933 190 2972 cens
204 2916 312 2974 ltomae
331 2919 388 2973 arti
405 2920 534 2990 poeticae
553 2937 666 2990 operam
685 2920 776 2990 dedit,
795 2921 868 2977 unde
886 2921 917 2975 in
934 2919 1058 2990 gratiam
1073 2918 1165 2974 ami·

123 3005 275 3076 citiamque
303 3007 554 3064 eruditissimorum
581 3009 726 3065 hominum
753 3010 890 3082 pervenit.
929 3009 1088 3081 1111111
1111 3007 1141 3063 O

123 3093 286 3149 Memmium
309 3099 519 3167 propraetorem
543 3098 616 3195 (ef.
612 3098 663 3153 vit
682 3098 805 3153 Lucretii
828 3116 855 3169 p.
871 3096 932 3167 ’1)
923 3115 953 3151 m
975 3096 1140 3167 Bithyniam

124 3181 312 3253 secuissem,
335 3187 447 3254 postero
471 3203 557 3256 anno,
580 3203 645 3241 cum
663 3203 696 3242 eo
718 3186 749 3240 in
766 3186 868 3242 itinere
885 3186 1026 3242 tumulum
1045 3185 1141 3240 fratris

122 3269 153 3324 in
177 3268 303 3326 Rhoeteo
323 3271 442 3328 Troadis
467 3277 660 3344 promunturio
684 3275 788 3345 sepulti
810 3275 933 3345 visisset,
961 3273 1140 3342 Sirmionem,

123 3377 180 3428 qua
193 3358 299 3415 Benaci
311 3360 412 3415 lacus
403 3379 434 3416 m
448 3363 614 3431 paeninsula
626 3364 725 3420 villam
741 3363 874 3434 habebat,
892 3363 984 3419 rediit.
1011 3362 1141 3418 Mortuus

124 3463 185 3503 esse
204 3463 227 3502 a.
246 3448 342 3522 'loostt
361 3449 479 3518 videtur.
516 3451 675 3507 Nobilitate
698 3453 867 3510 carminibus
891 3451 950 3508 eius
969 3453 1015 3507 est
1031 3449 1140 3519 Lesbia,
