2384 3848
439 174 487 231 111.
506 174 711 233 LVCRETIVS
942 216 946 222 -
1035 177 1079 242 47

131 319 361 388 Contremitt
328 341 345 384 e
374 340 530 406 magnum
543 322 736 404 percurrunt
753 342 919 387 murmura
933 322 1082 388 caelum?

10 494 12 503 Ι
131 408 209 475 Νοιι
230 408 346 494 populi
368 411 544 493 gentesque
566 411 725 493 tremunt,
747 429 904 510 regesque
927 411 1059 495 superbi

129 496 245 582 Corrip
246 498 319 563 iant
340 496 453 562 dirum
473 497 620 581 percussi
643 496 789 562 membra
810 497 940 583 timore,

63 603 113 655 435
127 587 180 654 Ne
204 585 281 672 quid
304 585 346 651 ob
370 584 549 651 admissum
572 584 665 651 foede
688 584 847 652 dictumve
873 588 1013 671 superbe

128 675 312 742 Poenarum
335 693 434 759 grave
457 673 501 738 sit
486 672 670 740 tsolvendi
692 677 822 758 tempus
846 675 1017 741 adultum?

130 762 265 830 Summa
287 762 387 829 etiam
409 783 484 827 cum
505 762 554 828 ris
578 761 710 828 violenti
733 783 791 846 per
813 784 901 828 mare
924 765 1013 829 venti

127 844 398 936 induperatorem
419 849 533 916 classis
558 872 655 934 super
678 871 820 935 aequora
844 851 942 916 verrit

10 942 12 947 ’
128 938 211 1008 Oum
234 939 350 1005 validis
372 939 495 1022 pariter
517 939 700 1024 legionibus
724 941 821 1022 atque
844 939 1040 1026 elephantis,

59 1044 113 1097 440
126 1028 206 1096 Non
227 1028 337 1094 dirum
360 1048 472 1112 pacem
496 1028 580 1093 votis
603 1027 672 1092 adit
694 1047 731 1092 ac
754 1048 849 1110 prece
872 1029 999 1112 quaesit

132 1116 315 1183 Ventorum
338 1115 473 1200 pavidus
496 1137 593 1199 paces
616 1115 804 1201 animasque
828 1116 1000 1201 secundas,

129 1204 367 1291 Nequicquam,
391 1204 545 1289 quoniam
567 1203 712 1270 violento
734 1203 865 1270 turbine
888 1227 985 1291 saepe

130 1291 253 1378 Correp
253 1295 307 1358 tus
330 1293 399 1359 nilo
421 1290 527 1358 fertur
549 1293 656 1359 minus
680 1292 721 1358 ad
743 1293 826 1358 vada
848 1294 927 1358 leti?

127 1379 200 1468 Vsq
200 1403 240 1447 ue
231 1317 343 1448 Padeo
366 1402 418 1446 res
441 1381 601 1446 humanas
624 1381 674 1446 vis
698 1381 810 1446 abdita
832 1381 990 1465 quaedam

58 1487 115 1539 446
131 1404 274 1555 0bterit,
297 1473 330 1535 at
352 1468 504 1553 pulchros
527 1468 625 1534 fascis
648 1489 825 1553 saevasque
848 1491 975 1535 secures

120 1558 326 1625 ·Proculcsre
348 1578 386 1623 ac
407 1557 549 1623 ludibrio
573 1557 635 1622 sibi
657 1557 777 1622 habere
800 1556 934 1622 videtur.
1060 1593 1063 1597 ·

131 1645 281 1731 Denique
305 1646 365 1711 sub
387 1645 523 1729 pedibus
546 1645 643 1710 tellus
667 1666 739 1711 cum
762 1649 834 1711 tota
856 1646 990 1711 vacillat

127 1731 374 1818 Concussaequc
397 1733 518 1799 cadunt
539 1734 636 1799 urbes
659 1733 839 1818 dubiaeque
862 1734 1036 1821 minantur,

131 1822 216 1900 Quid
239 1823 372 1908 mirum,
394 1822 423 1888 si
446 1843 480 1886 se
502 1826 653 1888 temnunt
675 1823 829 1889 mortalia
851 1823 956 1888 saecla

60 1927 115 1979 460
128 1911 238 1996 Atque
260 1912 434 1996 potestatis
456 1931 593 1996 magnas
615 1911 777 1996 mirasque
800 1911 990 1996 relinquunt

130 1999 171 2067 In
192 2000 288 2067 rebus
311 1999 390 2065 viris
413 1999 536 2085 dirum,
559 2021 641 2085 quae
664 2003 779 2064 cuncta
800 1999 1004 2083 gubernent?

56 2175 88 2243 V
171 2175 264 2253 Quod
286 2179 447 2262 superest,
474 2197 538 2241 aas
562 2179 678 2261 atque
701 2197 833 2242 aurum
855 2176 1076 2262 ferrumque

753 2269 950 2349 repertum
974 2268 1032 2331 ast

126 2351 173 2418 Et
195 2353 292 2419 simul
314 2352 443 2439 argenti
465 2352 594 2438 pondus
616 2353 805 2438 plumbique
827 2357 988 2440 potestas,

127 2440 220 2526 Ignis
242 2441 299 2506 ubi
321 2441 464 2527 ingentis
487 2441 588 2507 siluas
611 2441 726 2506 ardore
749 2446 909 2507 cremarat

56 2528 293 2596 caenantibus
316 2530 351 2595 in
373 2529 515 2614 magnis,
539 2550 595 2595 seu
618 2528 699 2593 caeli
721 2527 856 2593 fulmine
880 2531 989 2612 misso,

126 2615 201 2684 Sive
224 2617 311 2704 quod
333 2619 419 2684 inter
442 2639 476 2683 se
498 2617 623 2683 bellum
645 2617 792 2682 silvestre
815 2619 964 2701 gerentes

126 2704 287 2774 Hostibus
310 2706 488 2772 intulerant
510 2706 619 2791 iguem
641 2704 823 2771 formidinis
847 2725 937 2791 ergo,

126 2792 202 2862 Siva
225 2795 313 2881 quod
335 2794 460 2861 inducti
482 2798 588 2860 terrae
611 2794 757 2860 bonitate
780 2794 934 2859 volebant

124 2882 272 2951 Pandere
294 2904 393 2970 agros
416 2883 547 2968 pinguis
571 2886 604 2949 ιι
626 2905 747 2968 pascua
769 2883 899 2948 reddere
921 2903 1012 2966 rura,

57 2989 113 3041 ιιι
126 2971 202 3039 Siva
225 2972 313 3038 faras
336 2972 516 3038 interficere
540 2975 573 3038 et
595 2972 751 3038 ditescere
773 2971 906 3055 praeda:

123 3060 211 3127 Nam
233 3061 329 3131 fovea
352 3065 449 3146 atque
472 3060 543 3144 igni
565 3061 656 3143 prius
680 3063 730 3124 est
752 3059 900 3124 venarier
923 3061 1030 3125 ortum
1077 3072 1079 3074 ’

125 3148 230 3227 Quam
254 3149 378 3234 saepire
400 3147 508 3234 plagis
532 3149 651 3213 saltum
674 3148 872 3232 canibusque
896 3148 987 3212 ciere.

126 3236 289 3324 Quidquid
308 3238 420 3323 idest,
438 3257 640 3323 quacumque
654 3257 671 3300 ι
685 3258 784 3302 causa
796 3237 964 3302 flammeus
979 3234 1075 3301 ardor

124 3325 284 3393 Horribili
308 3326 418 3392 sonitu
441 3325 539 3392 silvas
565 3324 716 3391 exederat
739 3325 816 3392 altis

55 3429 109 3483 ιιι
123 3416 178 3481 Ab
200 3415 363 3483 radicibus
387 3418 420 3480 ιι
442 3418 562 3481 terram
584 3418 774 3498 percoxerat
796 3415 880 3500 igni,
