2384 3848
439 211 486 267 VI.
507 207 735 269 PROPERTIVS
1051 213 1094 278 87

143 359 206 424 Hie
230 361 320 424 satus
345 358 385 424 ad
407 380 533 442 pacem,
556 358 609 423 hic
633 357 850 424 castrensibus
869 359 960 425 utilis
980 359 1095 425 armis:

92 465 129 515 20
193 446 337 513 Naturae
362 447 506 530 sequitur
529 447 653 512 semina
676 446 810 531 quisque
832 455 919 513 suae.

144 537 191 601 At
213 540 284 616 tua,
308 535 493 619 Maecenas,
516 535 601 600 vitae
624 539 797 620 praecepta
818 535 938 621 recepi,

189 623 299 710 Cogor
321 628 354 689 et
377 623 532 707 exemplis
555 627 587 688 te
611 645 762 708 superare
784 624 859 689 tuis.

146 712 227 780 Cum
249 712 311 778 tibi
334 711 482 778 Romano
507 712 653 778 dominas
677 713 712 777 in
733 711 857 778 honore
881 735 1008 779 secures

188 801 233 867 Et
256 801 353 866 licoat
375 801 482 867 medio
506 800 626 885 pone're
649 801 720 865 iura
742 801 829 885 foro,

91 905 129 957 ao
143 890 205 957 Vel
227 890 288 955 tibi
310 889 480 956 Medorum
503 910 668 975 pugnaces
691 889 737 954 ire
760 912 818 974 per
840 890 952 954 hastas

187 977 297 1064 Atque
320 999 451 1044 onerare
475 983 567 1044 tuam
589 978 654 1042 fixa
676 999 734 1062 per
758 1000 848 1042 arma
871 978 1017 1062 domum,

143 1066 189 1132 ut
210 1066 272 1132 tibi
295 1067 336 1131 ad
359 1067 508 1132 effectum
532 1067 615 1132 vires
640 1067 694 1131 det
717 1065 839 1132 Caesar
861 1070 893 1131 et
916 1068 1006 1133 omni

190 1154 350 1240 Tempore
373 1159 442 1221 tam
465 1155 577 1220 faciles
600 1154 808 1220 insinuentur
830 1177 921 1240 opes,

144 1244 255 1309 Parcis
278 1247 313 1310 et
334 1243 369 1309 in
392 1248 506 1309 tenues
529 1243 685 1309 humilem
707 1248 740 1309 te
764 1243 890 1330 colligis
913 1243 1059 1309 umbras:
1135 1309 1137 1313 ,

88 1349 132 1399 ao
190 1331 346 1399 Velorum
369 1333 482 1417 plenos
507 1324 671 1398 subtrahis
693 1332 762 1416 ipse
786 1334 885 1397 sinus.

145 1418 246 1487 Crede
270 1421 364 1501 mihi,
387 1441 526 1507 magnos
549 1421 736 1506 aequabunt
758 1421 822 1485 ista
845 1419 999 1486 Camillos

188 1509 311 1575 Iudicia
333 1513 367 1575 et
389 1509 498 1575 venies
521 1511 559 1574 tu
581 1530 709 1594 quoque
732 1509 767 1573 in
791 1530 848 1574 ora
869 1509 987 1588 virum,
1121 1563 1123 1567 .

145 1597 293 1675 Caesaris
317 1600 350 1662 et
374 1598 478 1664 famae
503 1597 641 1684 vestigia
663 1598 774 1663 iuncta
796 1597 934 1663 tenebis:

188 1685 387 1753 Maecenatis
410 1691 507 1752 erunt
530 1709 606 1752 vera
627 1689 765 1770 tropaea
786 1685 876 1752 fides.

93 1773 223 1853 aoNon
246 1795 306 1861 ego
330 1775 646 1841 velifera‘tumidum
669 1797 758 1842 mare
780 1775 869 1840 findo
894 1775 1016 1840 carina:

189 1863 274 1929 'Puta
297 1864 357 1929 sub
381 1864 498 1949 exiguo
521 1864 654 1929 flumine
678 1867 792 1941 nostra
815 1886 906 1929 mora
930 1867 987 1929 cst.

144 1951 222 2017 Non
245 1952 329 2018 flebo
352 1953 389 2017 in
412 1954 535 2018 cineres
559 1973 666 2017 arcem
690 1952 811 2018 sedisse
834 1956 988 2035 paternos

191 2039 306 2106 Cadmi
328 2061 388 2107 nec
411 2044 536 2124 septem
559 2040 684 2126 proelia
706 2039 796 2106 clade
819 2040 906 2124 pari,

144 2128 212 2194 Nec
235 2129 373 2195 referam
396 2127 513 2196 Scaeas
537 2133 570 2194 et
592 2128 753 2215 Pergama
771 2127 933 2213 Apollinis
957 2149 1064 2211 arces,

91 2234 130 2283 4ο
188 2217 234 2283 Mt
256 2215 407 2283 Danaum
429 2219 553 2284 decimo
578 2239 652 2283 vere
675 2217 796 2303 redisse
819 2219 923 2302 rates,

144 2305 277 2371 Moenia
299 2327 372 2372 cum
396 2304 496 2372 Graio
519 2305 686 2392 Neptunia
712 2307 833 2392 pressit
855 2309 963 2371 aratro

189 2392 303 2461 Victor
325 2394 491 2461 Palladiae
514 2395 644 2480 ligneus
668 2395 749 2460 artis
773 2417 882 2480 equus.

145 2481 235 2548 Inter
257 2481 452 2548 Callimachi
475 2487 527 2548 sat
549 2482 611 2547 erit
633 2483 797 2565 placuisse
819 2483 949 2548 libellos

190 2570 235 2636 ut
257 2571 410 2637 cecinisse
433 2570 551 2654 modis,
575 2567 640 2636 Coe
663 2573 774 2655 poeta,
797 2571 872 2636 tuis.

95 2674 132 2725 45
148 2658 238 2724 Haec
261 2663 357 2725 urant
379 2658 511 2744 pueros,
533 2659 614 2725 haec
636 2662 733 2724 urant
757 2658 879 2742 scripta
900 2658 1040 2743 puellas,

190 2745 307 2833 Meque
331 2748 427 2813 deum
450 2748 591 2814 clament
614 2746 750 2813 etmihi
773 2769 864 2814 sacra
886 2747 1002 2812 ferant.

147 2834 193 2900 Te
217 2836 296 2902 duce
319 2837 370 2901 vel
389 2836 477 2902 Iovis
501 2859 592 2902 arma
610 2858 727 2902 canam
746 2838 898 2922 caeloque
917 2835 1099 2900 minantem

193 2921 314 2991 Coeum
338 2927 371 2989 et
392 2924 579 3011 Phlegraeis
604 2924 823 2991 Oromedonta
845 2924 945 3009 iugis,

148 3011 306 3098 Celsaque
330 3013 487 3080 Romanis
511 3014 662 3099 decerpta
683 3012 812 3078 Palatia
835 3012 937 3078 tauris

95 3117 132 3167 50
191 3101 310 3168 Ordior
333 3105 366 3166 et
389 3123 482 3167 caeso
506 3103 636 3168 moenia
658 3102 753 3168 firma
775 3101 892 3186 Remo,

145 3189 353 3276 Eductosque
376 3212 471 3276 pares
495 3190 638 3256 silvestri
660 3212 699 3255 ex
721 3191 820 3256 ubere
842 3211 951 3276 reges,

191 3276 323 3345 Crescat
345 3283 378 3344 et
400 3279 567 3364 ingenium
591 3279 651 3343 sub
673 3282 731 3343 tua
753 3280 842 3344 iussa
865 3300 986 3362 meum,

142 3366 325 3452 Prosequar
347 3371 381 3432 et
404 3389 515 3433 currus
538 3370 676 3452 utroque
701 3368 742 3433 ab
765 3368 860 3433 litore
885 3370 1035 3451 ovantes,

191 3454 388 3522 Parthorum
413 3458 539 3522 astutae
562 3456 628 3520 tela
650 3456 786 3522 remissa
808 3456 919 3541 fugae,

1123 3550 1132 3627 i
