2384 3848
425 161 472 216 VI.
491 158 720 216 PROPERTIVS
1038 162 1082 227 97

128 306 263 375 Coclitis
286 305 446 372 abscissos
469 307 609 370 testatur
632 305 747 370 semita
769 310 900 390 pontes,

172 396 235 462 Est
256 395 308 459 cui
331 415 512 480 cognomen
536 414 650 458 corvus
673 394 793 460 habere
816 395 913 460 dedit.

78 501 114 552 oo
129 484 220 550 Haec
233 483 266 547 di
279 481 499 566 condiderunt,
508 482 588 547 haec
602 483 635 547 di
649 504 777 568 quoque
791 485 919 549 moenia
933 488 1080 550 servant:

173 571 238 638 Vix
259 573 376 636 timeat
400 571 491 636 salvo
515 568 653 636 Caesare
676 571 783 637 Roma
804 572 924 638 Iovem.

127 660 224 728 Nunc
246 659 303 725 ubi
327 658 495 743 Scipiadae
519 660 652 745 classes,
674 661 731 725 ubi
754 662 849 747 signa
873 660 1018 746 Camilli,

173 750 241 815 Aut
263 748 359 814 modo
383 747 540 832 Pompeia
563 747 732 832 Bosphoro
756 753 852 834 capta
875 751 997 815 manu?

128 836 308 904 Leucadius
331 858 440 902 versas
465 838 551 902 aeies
574 838 768 902 memorabit
790 837 919 922 Apollo.

79 944 114 993 ro
172 926 313 991 Tantum
337 927 442 1010 operis
465 926 543 991 belli
567 926 700 990 sustulit
722 949 787 990 una
810 925 888 992 dies.
915 945 920 954 ·

128 1013 175 1081 At
195 1019 246 1100 tu,
270 1015 336 1080 sive
360 1017 450 1098 petes
473 1017 586 1099 portus
611 1035 680 1098 seu,
703 1015 827 1100 navita,
849 1014 992 1100 linques,

173 1101 320 1169 Caesaris
344 1104 379 1168 iu
400 1106 470 1168 toto
487 1103 539 1167 sis
562 1124 687 1168 mernor
708 1103 809 1168 Ionio.

475 1316 505 1380 8.
570 1315 600 1380 V
623 1331 649 1380 4.

159 1438 191 1492 In
210 1437 367 1507 Augustum
386 1435 498 1490 Parthis
516 1315 622 1490 billum
641 1315 789 1505 liarautem
809 1437 844 1504 (a.
862 1436 980 1508 732s22).

129 1548 231 1613 Arma
254 1547 332 1611 deus
356 1543 476 1612 Caesar
500 1544 583 1608 dites
606 1543 781 1608 meditatur
804 1542 845 1608 ad
866 1542 981 1629 Indos,

173 1636 218 1703 Et
239 1634 325 1700 freta
348 1633 530 1721 gemmiferi
552 1632 673 1697 findere
697 1633 799 1698 classe
822 1633 932 1699 maris,

127 1726 263 1811 Magna,
277 1722 351 1802 viri,
367 1744 503 1805 merces3
525 1724 621 1805 parat
638 1722 754 1786 ultima
772 1724 861 1785 terra
879 1722 1077 1808 triumphos:

172 1813 281 1898 Tigris
304 1815 337 1875 et
358 1810 544 1895 Euphrates
568 1810 628 1875 sub
652 1815 709 1876 tua
731 1811 804 1875 iura
825 1810 943 1877 fluent:

95 1901 220 1985 oSera,
243 1899 299 1965 sed
322 1899 477 1965 Ausoniis
500 1896 607 1963 veniet
629 1899 796 1982 provincia
819 1899 935 1982 virgis:

171 1989 374 2054 Adsuescent
396 1986 490 2052 Latio
514 1986 636 2052 Partha
658 1989 793 2070 tropaea
815 1985 894 2051 Iovi.

126 2079 177 2143 Ite
202 2077 303 2162 agite,
327 2080 477 2161 expertae
500 2076 585 2141 bello
610 2074 684 2139 date
708 2075 808 2139 lintea
830 2096 948 2158 prorae

170 2166 216 2232 Et
238 2165 371 2230 solitum
394 2165 547 2250 armigeri
570 2164 677 2228 ducite
700 2185 817 2228 munus
842 2163 925 2248 equi.
956 2174 959 2178 ’

127 2254 246 2321 Omina
268 2252 377 2318 fausta
400 2275 489 2318 cano.
527 2251 661 2318 Crassos
685 2252 871 2336 clademque
894 2252 998 2336 piate:

77 2361 112 2408 10
171 2343 221 2408 Ite
245 2346 278 2406 et
299 2341 467 2407 Romanae
490 2341 649 2406 consulite
672 2340 836 2406 historiae.

125 2431 215 2496 Mars
238 2433 332 2514 pater
355 2434 388 2494 et
411 2451 521 2495 saerae
544 2429 656 2493 fatalia
678 2429 802 2492 lumina
820 2427 956 2514 Vestae,

170 2520 258 2584 Ante
280 2540 370 2584 meos
395 2519 503 2584 obitus
527 2518 583 2602 sit,
605 2537 731 2601 precor,
754 2516 812 2580 illa
834 2516 916 2600 dies,

126 2607 198 2685 Qua
220 2607 347 2673 videani
372 2607 484 2693 spoliis
508 2608 659 2672 oneratos
683 2602 831 2670 Caesaris
855 2626 948 2690 axes,

169 2696 221 2762 Ad
244 2697 334 2781 volgi
357 2696 490 2779 plausus
514 2716 610 2781 saepe
633 2693 781 2758 resistere
805 2714 920 2778 equos,

75 2784 226 2870 relnque
250 2785 323 2850 sinu
347 2806 439 2850 carae
462 2785 557 2849 nixus
581 2785 728 2867 spectare
750 2782 877 2866 puellae

168 2873 327 2958 Incipiam
351 2877 385 2938 et
407 2873 510 2938 titulis
534 2872 653 2956 oppida
680 2874 774 2954 capta
797 2872 918 2956 legam,

124 2962 204 3028 'Pela
226 2962 354 3048 fugacis
378 2963 452 3046 equi
475 2966 507 3026 et
530 2962 655 3026 bracati
678 2959 791 3023 militis
816 2980 909 3024 arens

168 3050 214 3116 Et
237 3050 350 3115 subter
372 3054 483 3134 captos
507 3072 599 3115 arma
622 3049 732 3114 sedere
756 3048 861 3113 duces.

124 3139 202 3223 Ipsa
223 3143 313 3204 tuam
333 3161 426 3204 serva
443 3139 582 3223 prolem,
600 3137 724 3204 Venus:
747 3136 810 3202 hoc
829 3138 872 3203 sit
890 3137 924 3203 in
943 3161 1074 3227 aevum,

72 3244 111 3294 ao
170 3225 284 3293 Cernis
308 3228 348 3291 ab
372 3229 485 3293 Aenea
507 3226 593 3312 quod
615 3247 782 3311 superesse
806 3230 914 3311 caput.

124 3316 249 3381 Praeda
273 3316 318 3381 sit
339 3316 418 3381 haec
440 3317 519 3400 illis,
542 3336 679 3398 quorum
701 3337 844 3380 meruere
868 3315 1011 3382 labores:
1127 3388 1130 3399 ,

168 3405 222 3470 Me
246 3409 299 3470 sat
321 3406 383 3470 erit
406 3403 505 3470 Sacra
526 3404 679 3488 plaudere
702 3425 797 3487 posse
816 3403 887 3470 Via.

110 3510 211 3570 aeccle
224 3521 284 3569 poet.
298 3519 338 3562 lat.
353 3519 386 3560 ed
402 3519 511 3560 Barnun.
896 3514 911 3562 7
