2384 3848
119 181 163 247 24
488 183 536 238 Ill.
555 135 767 241 nveaamvs

445 383 475 446 4.
513 381 597 467 (Lib.
616 380 666 445 ΠΙ
690 377 810 467 r-ee.)

156 485 277 554 Epicuro
294 450 424 541 laudibus
444 485 584 540 celebrato
607 487 693 553 poeta
712 500 785 553 quae
805 483 929 540 malain
947 473 1100 543 formidine

414 572 511 628 mortis
531 572 625 642 posita
644 571 701 627 sint
719 571 841 642 exponit.

186 682 214 747 Ε
237 681 380 745 tenebris
403 681 505 745 tantis
528 689 596 744 tam
619 681 741 745 clarum
764 679 918 744 extollere
940 681 1052 746 lumen

189 770 251 847 Qui
273 770 397 853 primus
419 769 556 853 potuisti
578 769 757 834 inlustrans
781 768 1076 855 commodantes,

187 858 232 923 Tc
264 879 392 944 sequor,
422 855 597 922 oGraiae
628 857 759 942 gentis
783 856 910 937 decus,
943 858 1042 942 inque
1071 860 1139 926 tuis

866 967 954 1011 nune

185 1035 278 1101 ‘Ficta
300 1035 418 1118 pedum
440 1055 526 1118 pono
550 1034 671 1117 pressis
694 1035 832 1118 vestigia
856 1034 974 1119 signis,

155 1123 263 1190 oNon
284 1124 332 1188 111
354 1122 498 1188 certandi
521 1122 654 1206 cupidus
678 1144 776 1207 quam
798 1127 931 1206 propter
954 1145 1098 1189 amorem

187 1211 281 1289 Quod
299 1216 333 1277 te
351 1212 473 1276 imitari
492 1233 586 1277 aveo:
605 1211 681 1296 quid
700 1213 785 1276 enim
805 1212 980 1277 contendat
996 1211 1138 1279 hirundo

187 1299 318 1385 Cyonis,
341 1304 398 1365 aut
416 1299 571 1385 quidnam
591 1300 738 1365 tremulis
760 1301 865 1378 facere
886 1300 1021 1365 artubus
1040 1302 1136 1368 haedi

187 1387 362 1455 Consimile
385 1390 422 1453 in
445 1410 540 1454 cursu
562 1389 689 1472 possint
711 1393 744 1453 et
766 1389 860 1454 fortis
884 1390 958 1474 equi
981 1390 1054 1455 vis?

104 1476 107 1482 ’
187 1477 248 1562 Tu,
271 1482 373 1563 pater,
396 1499 430 1543 es
443 1478 560 1543 'rerum
583 1477 743 1562 inventor,
764 1482 801 1543 tu
824 1478 931 1561 patria
953 1478 1050 1543 nobis

142 1584 175 1632 10
191 1566 383 1651 Suppeditas
404 1571 589 1651 praecepta,
612 1567 740 1651 tuisque
764 1588 815 1650 ex,
837 1566 974 1651 inclute,
997 1567 1140 1654 chartis,

185 1655 351 1720 Floriferis
375 1661 412 1720 ut
435 1677 511 1740 apes
534 1656 569 1719 in
593 1655 730 1720 saltibus
755 1656 864 1719 omnia
886 1655 1005 1740 libant,

187 1743 304 1809 Omnia
326 1765 386 1809 nos
409 1744 521 1808 itidem
544 1743 747 1827 depascimur
770 1765 866 1808 aurea
889 1742 988 1828 dicta,

186 1831 308 1916 Aurea,
330 1836 488 1916 perpetua
512 1854 639 1915 semper
663 1832 854 1918 dignissima
876 1833 953 1897 vita.

186 1918 272 1985 Nam
297 1920 394 1986 simul
417 1943 455 1986 ae
477 1921 562 1986 ratio
585 1925 643 1986 tua
666 1921 773 2004 coepit
794 1921 965 2009 vociferari

139 2025 172 2074 15
186 2008 255 2085 Nat
241 2013 349 2077 turam
371 2032 493 2095 rerum,
517 2010 626 2074 divine
648 2013 756 2074 mente
779 1998 904 2094 coorta,

187 2097 373 2182 Diffugiunt
396 2100 496 2163 animi
519 2102 672 2182 terrores,
696 2099 824 2163 moenia
847 2059 959 2162 mundi

186 2186 379 2268 Discedunt,
401 2189 506 2251 totum
529 2186 623 2251 uideo
646 2187 821 2269 perinane
844 2186 913 2271 geri
936 2207 999 2251 res.

189 2274 335 2358 Apparet
357 2236 467 2338 divum
489 2296 610 2338 numen
633 2275 787 2359 sedesque
811 2274 953 2360 quietae,
1088 2293 1091 2297 ·

187 2363 275 2438 Ques
297 2383 402 2447 neque
426 2363 615 2428 concutiunt
637 2362 725 2428 venti
747 2385 808 2427 nec
830 2363 944 2428 nubila
965 2362 1088 2428 nimbis

136 2468 171 2517 20
186 2451 397 2536 Adspergunt
419 2472 523 2536 neque
546 2453 604 2516 nix
627 2452 693 2517 acri
716 2455 866 2516 concreta
888 2451 1007 2534 pruina

187 2537 278 2605 Oana
301 2540 418 2605 cadens
441 2540 543 2606 violat
566 2561 755 2624 semperque
778 2540 944 2604 innubilus
969 2539 1083 2604 aether

184 2628 240 2694 Int
225 2630 324 2715 tegit,
347 2633 381 2694 et
403 2630 494 2714 large
517 2630 633 2694 diffuso
657 2628 779 2693 lumine
801 2628 922 2693 rident:

187 2718 306 2783 Omnia
329 2718 500 2801 suppodia
465 2720 515 2781 t
536 2739 633 2801 porro
657 2720 787 2800 natura,
810 2738 915 2819 neque
939 2715 1007 2780 ulla

185 2805 250 2870 Res
275 2806 377 2870 animi
399 2827 512 2888 pacem
536 2805 658 2870 delibat
644 2806 859 2887 ttempore
850 2826 885 2868 1n
907 2805 984 2868 ullo.

136 2896 231 2961 ‘atAt
254 2899 366 2960 contra
388 2915 547 2978 nusquam
571 2897 730 2978 apparent
752 2892 933 2958 Acherusia
955 2891 1094 2976 templa,

184 2982 254 3048 Nec
276 2985 372 3049 tellus
396 2983 522 3067 obstat,
545 2983 624 3067 quin
646 2983 756 3048 omnia
779 2982 1000 3083 dispiciantur,

186 3070 252 3136 Sub
276 3072 413 3154 pedibus
430 3093 652 3157 quaecumque
670 3071 755 3136 infra
777 3069 949 3154 perinane
969 3074 1141 3154 geruntur.

185 3159 248 3224 His
271 3159 318 3225 ibi
341 3181 392 3224 me
415 3160 511 3226 rebus
536 3161 694 3246 quaedam
717 3159 828 3223 divine
850 3159 1038 3242 voluptas
1180 3161 1183 3165 ’

185 3247 328 3331 Percipit
351 3251 446 3332 atque
469 3248 594 3333 horror,
617 3249 702 3333 quod
726 3248 772 3312 sie
795 3252 914 3312 natura
937 3252 995 3312 tua
1017 3247 1051 3310 vi

136 3355 171 3403 30
185 3337 265 3402 Tam
288 3336 463 3402 manifesta
484 3340 599 3421 patens
623 3358 662 3402 cx
685 3337 775 3401 omni
795 3340 888 3420 parte
910 3338 1032 3400 retecta
1056 3337 1118 3400 est.

252 3425 297 3490 Et
320 3426 472 3510 quoniam
497 3425 604 3510 docui,
627 3427 815 3491 cunctarum
838 3423 969 3489 exordia
991 3444 1102 3488 rerum
