2384 3848
86 189 129 255 28
457 191 504 246 111.
524 189 728 247 Lvesnrrvs

153 334 234 400 Post
256 339 393 400 mortem
416 336 501 420 fore,
524 340 562 400 ut
584 339 641 401 aut
662 339 810 420 putescat
833 357 968 421 corpore
988 341 1086 421 posto

154 423 223 489 Aut
244 424 383 490 flammis
406 424 548 489 interfiat
571 425 707 490 malisve
729 425 886 510 ferarum,

157 510 244 577 Scire
267 513 345 579 licet
330 516 435 578 tnon
459 513 620 578 sincerum
643 534 770 598 sonere,
794 516 890 598 atque
914 515 1046 579 subesse

105 619 140 668 45
156 599 294 666 Caecum
309 602 450 686 aliquem
465 602 600 667 cordit
569 624 584 667 s
585 602 749 685 timulum,
763 603 910 685 quamvis
923 604 1043 689 neget
1033 625 1104 687 1pse

154 688 290 755 Credere
305 712 340 755 se
349 711 544 792 quemquam
559 690 621 756 sibi
636 712 767 755 sensum
781 690 816 754 in
827 695 931 844 morte
941 691 1103 758 futurum:

153 775 243 863 Non,
264 782 302 843 ut
324 779 449 863 opinor,
472 780 558 844 enim
577 779 634 844 dat
652 779 737 864 quod
760 778 922 862 promitt1t
940 781 1103 866 etinplet,

154 865 222 932 Nec
245 867 361 932 radicit
346 870 399 932 tus
423 889 441 932 e
463 869 532 932 vita
512 890 589 932 ase
611 868 701 932 tollit
722 871 756 932 et
778 868 866 952 eicit,

154 953 217 1020 sed
241 955 321 1021 facit
306 959 413 1022 tesse
438 957 487 1021 sui
510 955 663 1041 quiddam
687 977 783 1040 super
806 956 927 1021 inscius
949 957 1031 1040 ipse.

105 1061 139 1109 50
153 1042 260 1108 Vivus
279 1044 366 1108 enim
390 1044 453 1110 sibi
476 1065 548 1108 cum
572 1044 725 1129 proponit
746 1045 881 1129 quisque
904 1045 1063 1130 futurum,

154 1128 339 1215 Corpusut
340 1132 520 1197 ivolucres
539 1132 715 1197 lacerent
705 1154 740 1196 m
762 1135 866 1198 morte
888 1131 1054 1219 feraeque,

153 1219 228 1303 Ipse
252 1221 303 1284 sui
325 1221 470 1285 miseret:
497 1242 601 1308 neque
625 1221 711 1286 enim
735 1242 769 1286 se
793 1220 907 1287 dividit
929 1222 1014 1286 illim

152 1308 222 1374 Nec
244 1312 389 1374 removet
412 1310 506 1393 satis,
528 1331 550 1373 a·
570 1309 713 1393 proiecto
738 1331 884 1394 corpore,
908 1312 941 1373 et
964 1309 1059 1376 illum

154 1394 195 1462 Se
218 1397 313 1481 fingit
336 1418 496 1482 sensuque
520 1419 578 1463 suo
602 1399 804 1463 contaminat
826 1397 973 1464 adstans:

105 1500 138 1551 ss
152 1484 238 1550 Hinc
261 1485 453 1571 indignatur
475 1509 509 1551 se
531 1487 703 1552 mortalem
727 1507 796 1551 esse
820 1490 978 1571 creatum,

154 1574 224 1641 Nec
247 1575 391 1640 videtin
414 1596 490 1640 vera
512 1576 639 1640 nullum
661 1575 731 1641 fore
753 1580 858 1640 morte
880 1575 980 1639 alium
1004 1597 1063 1660 se,.

154 1661 217 1739 Qui
239 1664 345 1747 possit
367 1663 459 1729 vivus
484 1665 546 1729 sibi
571 1686 605 1729 se
628 1663 738 1748 lugere
761 1666 979 1749 peremptum,

156 1749 316 1836 Stansque
338 1752 497 1818 iacentem
521 1773 555 1816 se
578 1752 715 1817 lacerari
737 1752 827 1818 urive
850 1752 970 1818 dolore.

153 1837 239 1904 Nam
255 1841 283 1905 si
296 1840 331 1903 in
345 1843 447 1904 morte
461 1841 584 1905 malum
598 1844 648 1906 est
662 1840 757 1906 malis
771 1861 945 1925 morsuque
959 1840 1103 1907 ferarum

106 1945 140 1993 so
155 1926 316 2013 Tractari,
339 1950 407 1995 non
429 1929 572 2013 invenio,
595 1930 740 2013 quinon
763 1929 806 1994 sit
829 1929 981 1994 acerbum

152 2015 287 2102 Ignibus
310 2017 487 2103 inpositum
512 2017 625 2083 calidis
647 2021 825 2083 torrescere
848 2018 1000 2103 flammis,

156 2108 224 2170 Aut
247 2107 282 2170 in
305 2108 400 2171 melle
424 2107 523 2171 situm
547 2106 698 2171 suffocari
721 2106 946 2190 atque'rig'ere
1045 2103 1049 2110 ’

154 2191 304 2278 Frigore,
327 2215 400 2259 cum
424 2216 550 2260 summo
574 2193 793 2278 gelidi‘cubat
815 2215 952 2278 aequore
977 2195 1062 2280 saxi,

153 2280 309 2364 Vrgerive
334 2303 469 2366 superne
490 2282 650 2347 obtritum
673 2283 815 2367 pondere
838 2285 951 2348 terrae.
999 2308 1001 2313 ¹

105 2386 139 2435 ss
200 2368 290 2434 ‘lam
313 2371 388 2435 iam
411 2392 486 2437 non
505 2371 636 2437 domus
658 2371 826 2456 accipiet
844 2375 881 2435 te
903 2370 1024 2456 laeta,
1047 2393 1106 2436 ne·

833 2481 894 2545 que
917 2481 999 2524 uxor

156 2546 289 2631 Optima
310 2569 371 2613 nec
394 2549 502 2614 dulces
526 2552 694 2614 occurrent
718 2549 828 2613 oscula
851 2547 920 2612 nati

152 2636 339 2720 Praeripere
362 2640 395 2702 et
417 2639 516 2703 tacita
537 2640 651 2720 pectus
675 2635 840 2702 dulcedine
862 2640 1008 2721 tangent.

153 2723 230 2790 Non
252 2726 463 2808 poterist
395 2725 463 2790 fact
463 2726 491 2789 is
514 2725 704 2790 florentibus
728 2746 811 2808 esse,
835 2725 963 2809 tuisque

152 2812 363 2880 Praesidium.
399 2815 517 2878 misero
540 2812 669 2878 misere'
694 2814 785 2879 aiunt
808 2812 930 2878 omnia
953 2813 1077 2879 ademit

105 2917 138 2966 '10
153 2900 228 2966 Vna
251 2903 318 2968 dies
341 2902 460 2968 infesta
482 2901 616 2966 tibitot
580 2904 782 2985 otpraemia
805 2899 912 2967 vitae?

153 2988 239 3055 Illud
262 2992 297 3055 in
319 2990 371 3055 his
394 2991 490 3056 rebus
513 3011 579 3056 non
602 2990 769 3055 addunt:
770 2993 866 3055 nect
852 2990 914 3054 tibi
937 3011 1049 3057 earum

153 3077 224 3144 Iam
248 3079 442 3145 desiderium
465 3101 572 3144 rerum
597 3101 693 3162 super
716 3079 836 3143 insidet
821 3076 943 3143 t'una.

125 3203 130 3212 ·
155 3165 247 3242 Quod
270 3167 352 3232 bene
376 3169 405 3233 si
428 3169 561 3233 videant
583 3167 692 3232 animo
716 3167 873 3252 dictisque
895 3170 1083 3252 sequantur,

152 3252 343 3320 Dissolvant
366 3257 464 3320 animi
486 3277 607 3342 magno
632 3277 666 3320 se
690 3276 811 3341 angore
835 3260 995 3340 metuque.

106 3360 139 3410 75
156 3342 216 3409 ‘Tu
239 3343 370 3428 quidem
390 3348 428 3408 ut
450 3367 484 3409 es
506 3346 572 3411 leto
597 3345 735 3428 sopitus,
759 3345 804 3409 sic
828 3344 891 3409 eris
914 3345 985 3410 aevi

156 3431 249 3509 Quod
272 3454 368 3516 super
392 3436 442 3498 est
460 3434 582 3499 cunctis
602 3431 777 3520 privatu(s)
798 3433 964 3500 doloribus
984 3433 1105 3520 aegris:
