2384 3848
126 209 191 276 134
496 208 543 262 1x.
562 206 760 263 rvvuumrs

190 354 250 420 Ille
273 354 375 440 igitur
396 376 573 439 numquam
596 353 712 417 direxit
735 353 887 419 braeohia
910 355 1023 420 eontra
1059 374 1068 389 ⁴

190 443 395 527 Torrentem,
418 465 478 508 nee
501 443 581 508 eivis
604 445 688 525 erat,
711 442 767 527 qui
788 442 891 506 libera
912 445 1025 524 posset

144 546 178 597 55
190 530 301 598 Verba
323 533 424 596 animi
446 532 590 615 proferre
613 534 646 594 et
668 531 770 595 vitam
793 530 967 614 inpendere
989 552 1075 598 vere.

192 620 244 687 Sic
266 621 389 686 multas
411 621 533 685 hiemes
557 623 654 702 atque
677 619 896 704 octogensima
918 619 1000 685 vidit

192 708 354 793 Solstitia,
376 709 427 773 his
451 708 549 775 armis
572 708 631 772 illa
651 730 778 793 quoque
801 711 891 772 tutus
914 708 950 772 in
971 709 1056 775 aula.

190 797 362 863 Proximus
385 797 528 863 eiusdem
550 797 748 881 properabat
770 796 895 861 Acilius
919 797 991 860 aevi

189 884 273 951 Cum
287 887 401 952 iurene
415 887 564 972 indigno,
582 907 677 970 quern
698 907 785 951 mors
799 889 869 949 tam
883 906 980 949 saeva
993 889 1140 951 maneret

142 991 177 1041 ee
190 974 236 1040 llt
258 975 380 1040 domini
402 975 519 1061 gladiis
541 977 609 1039 tam
632 975 796 1040 festinata
832 974 888 1039 sed
911 973 990 1039 olim
1060 996 1063 1000 ’

190 1063 344 1148 Prodigia
367 1085 427 1147 par
449 1067 498 1128 est
519 1063 555 1127 in
576 1062 750 1128 nobilitate
772 1065 937 1131 sensatus:

189 1150 284 1216 Vnde
307 1152 357 1235 fit,
379 1154 417 1215 ut
438 1151 552 1216 malim
574 1151 765 1218 fraterculus
789 1172 859 1216 esse
882 1149 1045 1235 Gigantis.

189 1239 318 1305 Profuit
338 1260 416 1325 ergo
439 1241 522 1305 nihil
545 1239 678 1325 misero,
701 1239 787 1325 quod
810 1239 989 1305 comminus
1013 1263 1106 1306 ursos

189 1327 328 1415 Figebat
351 1327 510 1395 Numidas
534 1327 665 1392 Albana
687 1329 793 1395 nudus
815 1329 937 1393 harena

142 1433 176 1482 55
190 1416 344 1482 Venator.
381 1417 453 1502 quis
477 1418 564 1482 enim
586 1417 651 1482 iam
674 1440 741 1484 non
764 1417 934 1502 intellegat
957 1420 1043 1482 artes

189 1502 370 1571 Patrieias‘?
407 1507 479 1590 quis
501 1507 643 1590 priseum
665 1506 748 1571 illud
771 1507 908 1570 miratur
930 1523 1081 1589 acumen,

189 1592 304 1677 Brute,
326 1595 441 1658 tuum?
470 1594 567 1660 faeile
590 1597 640 1659 eat
663 1594 801 1659 barbato
824 1595 981 1679 inponere
1004 1595 1086 1680 regi.

190 1679 261 1747 Neo
281 1683 397 1747 melier
418 1684 523 1767 voltu,
546 1683 695 1767 quamvis
717 1683 885 1768 ignobilis,
907 1683 977 1748 ibat

189 1767 346 1855 Rubrius,
369 1771 510 1836 offensae
533 1772 652 1836 veteris
674 1792 748 1836 reus
773 1774 870 1856 atque
891 1772 1064 1855 tacendae,

142 1875 177 1924 70
189 1857 236 1923 Et
257 1861 369 1924 tamen
390 1860 558 1944 inprobior
579 1863 720 1924 saturam
747 1859 905 1925 scribente
928 1861 1071 1926 einaedo.

188 1947 338 2012 Montani
361 1969 488 2034 quoque
511 1951 624 2013 venter
646 1949 736 2012 adest
758 1948 930 2013 abdomine
954 1949 1080 2034 tardus,

188 2035 234 2101 Et
255 2038 416 2102 matutino
440 2037 559 2102 sudans
583 2036 752 2121 Crispinus
776 2058 919 2120 amomo,

189 2123 352 2200 Quantum
375 2126 429 2190 vix
450 2126 597 2191 redolent
620 2125 683 2191 duo
706 2126 832 2209 funera3
856 2126 982 2191 saevior
1004 2126 1074 2207 ille

187 2212 362 2295 Pompeius
385 2214 474 2277 tenui
495 2214 626 2298 iugulos
649 2214 773 2298 aperire
797 2235 942 2296 susurro,

142 2315 176 2366 75
189 2298 236 2365 Et
258 2300 313 2385 qui
335 2300 518 2366 vulturibus
541 2301 691 2366 servabat
713 2303 836 2367 viscera
859 2300 956 2369 Dacis

157 2390 160 2395 ’
187 2387 324 2472 Fuscus,
347 2411 527 2455 marmorea
550 2388 725 2455 meditatus
747 2392 872 2474 proelia
893 2391 985 2476 villa,
1059 2396 1060 2400 ’

187 2477 328 2542 Etcum
350 2479 517 2561 mortifero
540 2479 682 2562 prudens
705 2477 845 2544 Veiento
868 2477 1006 2563 Catullo,

187 2565 252 2642 Qui
273 2587 450 2651 numquam
472 2569 560 2633 usae
583 2567 745 2652 flagrabat
767 2588 876 2633 amore
898 2569 1038 2652 puellae,

125 2691 128 2694 ⁴
186 2653 315 2720 Grande
334 2658 367 2720 et
384 2656 593 2740 conspicuum
610 2660 723 2723 nostro
742 2677 868 2740 quoque
884 2660 1031 2741 tempore
1046 2679 1136 2723 mon·

866 2751 984 2810 strum:

138 2847 173 2898 80
188 2829 310 2899 (laeuus
335 2831 485 2898 adulator
507 2833 659 2917 dirusque
679 2831 702 2897 ¹a
723 2837 823 2917 ponte
846 2834 990 2917 satelles,

186 2919 315 3006 Dignus
338 2920 490 2988 Aricinos
515 2921 570 3006 qui
593 2921 789 2987 mendicaret
811 2922 852 2986 ad
875 2943 951 2987 axes

188 3008 379 3094 Blandaque
403 3010 541 3076 devexae
564 3010 700 3075 iactaret
722 3010 814 3075 basia
836 3011 961 3077 raedae.

187 3094 290 3161 Nemo
313 3099 418 3184 magis
442 3097 615 3163 rhombum
638 3099 774 3183 stupuit:
796 3120 873 3164 nam
896 3101 1038 3184 plurima
1056 3098 1137 3164 dixit

187 3183 228 3248 In
250 3185 380 3250 laevum
402 3209 588 3252 conversus:
611 3187 717 3252 atilli
739 3187 853 3253 dextra
874 3188 1002 3254 iaeebat

137 3288 172 3338 85
186 3272 299 3339 Belua.
335 3274 381 3339 sio
402 3295 530 3360 pugnas
554 3273 663 3340 Cilicis
686 3276 842 3341 laudabat
864 3280 897 3341 et
919 3277 1004 3341 ietus

184 3361 232 3428 Et
252 3382 373 3447 pegma
395 3367 428 3427 et
450 3385 566 3446 pueros
590 3364 664 3428 inde
688 3364 728 3429 ad
751 3365 875 3430 velaria
897 3369 1018 3449 raptos.

168 3448 251 3515 Non
276 3451 367 3518 eedit
392 3449 547 3539 Veiento,
569 3452 627 3518 sed
647 3456 686 3518 ut
706 3453 863 3519 fanaticus
887 3456 996 3518 oestro
