2384 3848
435 164 482 221 ΙΙΙ.
502 163 707 220 LVORETIVS
1057 163 1077 228 9

75 344 113 393 40
127 326 239 391 Funde
262 330 377 410 petens
396 326 557 410 placidam
575 327 746 410 Romanis,
769 327 905 405 incluta,
929 349 1055 412 pacem:

126 413 213 479 Nam
235 437 338 500 neque
361 437 422 479 nos
447 436 544 500 agere
566 415 628 480 hoc
651 417 772 500 patriai
796 421 942 499 tempore
965 417 1077 500 iniquo

126 504 304 569 Possumus
328 524 430 587 aequo
454 504 562 568 animo
584 526 643 569 neo
664 503 798 568 Memmi
821 505 909 571 clara
930 525 1076 591 propago

128 592 264 658 Talibus
289 593 322 656 in
346 593 442 657 rebus
467 594 630 657 communi
653 592 744 658 desse
768 594 875 659 saluti.

496 700 514 738 *
623 699 640 738 *

559 743 577 782 a:

149 837 159 926 ll
173 839 266 916 Quod
282 861 377 924 super
391 844 454 925 est,
468 863 586 905 vacuas
601 840 689 905 auris
706 841 913 924 animumque
928 863 1077 928 sagacem

74 944 111 994 45
127 927 294 995 Semotum
317 952 337 993 a
360 930 444 994 curis
468 929 585 994 adhibe
608 950 717 994 ueram
742 928 782 994 ad
805 930 978 1016 rationem3

126 1015 177 1081 Ne
200 1039 274 1082 mea
296 1018 382 1083 dona
404 1018 465 1083 tibi
488 1019 596 1083 studio
620 1018 766 1101 disposta
788 1018 887 1102 fideli,

126 1106 298 1170 Intellecta
320 1107 411 1190 prius
435 1128 532 1191 quam
555 1107 635 1190 sint,
658 1111 845 1190 contempta
867 1108 1040 1191 relinquas.

126 1192 213 1259 Nam
235 1195 296 1259 tibi
319 1196 358 1259 de
382 1217 509 1259 summa
532 1196 613 1260 caeli
635 1196 761 1260 ratione
784 1196 942 1281 deumque

125 1281 292 1348 Disserere
306 1283 472 1368 incipiam,
491 1286 524 1348 et
542 1305 669 1348 rerum
688 1283 902 1367 primordia
920 1285 1077 1371 pandam,

75 1386 111 1436 50
125 1369 220 1436 Vnde
244 1373 351 1437 omnis
375 1376 494 1437 natura
516 1375 603 1437 creet
624 1395 690 1456 res,
714 1375 822 1437 auctet
845 1372 989 1459 alatque,

127 1457 236 1535 Quove
260 1461 371 1525 eadem
393 1483 522 1525 rursum
544 1464 661 1525 natura
684 1464 853 1543 perempta
875 1462 1030 1547 resolvat3

127 1547 216 1624 Quae
238 1569 299 1614 nos
323 1550 491 1614 materiem
515 1553 548 1615 et
571 1548 728 1633 genitalia
751 1570 887 1631 corpora
910 1551 1007 1616 rebus

125 1635 304 1702 Reddunda
326 1638 508 1703 iuratione
531 1659 646 1703 uocare
670 1641 702 1708 et
726 1638 850 1702 semina
873 1658 981 1702 rerum

125 1725 297 1810 Appellare
321 1730 449 1791 suimus
473 1727 609 1792 ethaeo
633 1727 744 1792 eadem
767 1748 925 1809 usurpare

74 1830 109 1880 55
126 1812 271 1899 Corpora
293 1816 412 1900 prima,
435 1816 521 1900 quod
544 1837 583 1881 cx
605 1817 670 1881 illis
694 1820 770 1880 sunt
793 1816 903 1880 omnia
924 1816 1047 1899 primis.
1066 1813 1076 1903 t

190 1903 343 1970 Humana
367 1908 440 1969 ante
464 1905 576 1969 oculos
600 1904 691 1968 foede
716 1926 788 1968 oum
812 1904 879 1967 vita
901 1905 1020 1969 iaceret

125 1991 163 2055 In
185 1994 280 2057 terris
304 2014 459 2077 oppressa
482 1993 574 2078 gravi
598 1994 658 2057 sub
681 1992 847 2075 religione,

128 2078 216 2156 Quae
239 2087 338 2163 caput
353 2104 380 2159 ,a
403 2083 484 2147 caeli
506 2081 695 2166 regionibus
719 2078 911 2145 ostendebat
989 2093 991 2096 ’

124 2167 282 2234 Horribili
306 2192 402 2254 super
425 2173 557 2254 aspectu
579 2169 772 2235 mortalibus
796 2168 937 2249 instans,

75 2273 110 2322 eo
124 2257 268 2322 Primum
292 2257 432 2324 Graius
455 2260 566 2325 horno
590 2259 739 2324 mortalis
762 2256 894 2322 tendere
917 2262 1032 2322 contra

126 2344 189 2411 Est
211 2347 323 2413 oculos
347 2370 444 2412 ausus
468 2349 655 2433 primusque
679 2347 836 2412 obsistere
859 2349 985 2430 contra3

126 2433 228 2512 Quem
250 2456 354 2519 neque
377 2436 465 2500 fama
484 2437 578 2501 deum
596 2457 655 2499 nec
673 2435 812 2499 fulmina
829 2457 888 2498 nec
911 2435 1076 2499 minitanti

124 2521 289 2588 Murmure
313 2525 505 2608 compressit
532 2525 669 2606 caelum,
697 2523 753 2588 sed
777 2544 815 2588 eo
839 2524 945 2609 magis
968 2544 1075 2587 acrem

125 2610 243 2676 Inritat
267 2613 368 2677 animi
391 2614 557 2696 virtutem,
580 2611 748 2696 effringere
771 2616 809 2675 ut
832 2615 903 2674 arta

75 2715 110 2765 65
125 2699 270 2765 Naturae
293 2701 417 2785 primus
441 2705 608 2785 portarum
632 2701 773 2766 claustra
795 2700 927 2783 cupiret.

123 2787 214 2874 Ergo
237 2789 346 2854 vivida
368 2791 418 2855 vis
443 2791 542 2855 animi
565 2788 714 2873 pervicit,
737 2793 770 2863 et
793 2793 883 2852 extra

124 2876 287 2943 Processit
309 2878 406 2963 longe
428 2879 631 2944 flammantia
655 2879 785 2942 moenia
807 2877 920 2941 mundi

123 2965 231 3049 Atque
246 2989 342 3031 omne
358 2968 542 3032 inmensum
560 2967 747 3051 peragravit
765 2971 873 3030 mente
889 2967 1074 3050 animoque;

123 3053 217 3119 Vnde
240 3055 339 3120 refert
361 3056 456 3121 nobis
480 3056 584 3120 victor
606 3054 684 3139 quid
706 3055 810 3136 possit
834 3054 927 3138 oriri,

73 3158 110 3208 70
126 3142 210 3219 Quid
233 3147 387 3227 nequeat,
410 3144 502 3208 finita
524 3147 671 3228 potestas
695 3143 833 3227 denique
856 3145 972 3228 cuique

124 3229 270 3307 Quanam
294 3233 339 3296 sit
360 3233 487 3298 ratione
511 3235 608 3316 atque
635 3230 700 3295 alte
724 3232 881 3296 terminus
904 3231 1050 3295 haerens.

124 3318 230 3396 Quare
253 3321 367 3407 religio
390 3320 526 3405 pedibus
550 3319 694 3385 subiecta
717 3319 861 3384 vicissim

124 3407 302 3490 Obteritur,
325 3431 388 3476 nos
412 3412 566 3493 exaequat
589 3408 726 3483 victoria
749 3408 846 3472 caelo.
