2384 3848
94 167 114 232 6
488 164 524 219 n.
543 163 712 220 uvormvs

159 312 284 378 lactare
307 312 386 378 indu
408 311 480 378 foro
504 332 538 376 se
562 332 688 394 omnes,
716 309 868 385 decedere
890 333 1070 396 nusquam,

158 401 225 466 Vni
248 423 282 466 se
306 405 402 486 atque
426 400 530 465 eidem
554 399 662 465 studio
682 421 794 465 omnes
818 399 932 465 dedere
957 405 989 465 et
1013 400 1090 467 arti:

129 489 271 555 oVerba
295 491 371 555 dare
395 495 432 555 ut
455 494 549 555 caute
572 489 713 574 possint,
736 509 884 574 pugnare
908 489 1033 573 dolose,

158 577 321 644 Blanditia
344 582 481 663 certare,
503 579 626 644 bonurn
649 578 800 643 simulare
824 578 928 644 virum
952 600 1000 657 se,

159 667 299 733 Insidias
322 669 443 753 facere,
470 671 507 732 ut
530 668 558 732 si
580 667 693 733 hostes
718 668 785 732 sint
812 667 962 732 omnibns
987 689 1109 734 omnes.

397 883 428 948 3.
450 883 480 946 4.
518 879 602 968 (Lib.
625 880 687 946 XV
711 900 731 944 1.
755 879 804 967 11.)
868 873 871 878 ’

375 1004 407 1058 ln
426 1003 654 1073 superstitionem
672 1001 825 1057 hominum.
906 1074 911 1083 ι

93 1113 123 1178 3.
159 1101 275 1177 Multa
288 1111 437 1177 homines
460 1109 613 1197 portenta
634 1113 669 1177 in
682 1111 816 1177 Homeri
835 1107 1012 1197 versibu(s)
1032 1110 1110 1176 licta

158 1199 305 1267 Monstra
330 1204 462 1285 putant.
495 1221 634 1285 quorum
661 1202 695 1266 in
723 1200 835 1284 primis
859 1197 1108 1287 Polyphemus)

158 1375 298 1464 Cyclops
316 1375 450 1464 longu(s
452 1375 465 1464 )
485 1377 596 1463 pedes,
623 1382 656 1442 et
677 1289 887 1463 poddelrlirllss
896 1373 1017 1463 mam(
1018 1374 1032 1461 )
1051 1367 1109 1455 'ba

157 1556 261 1633 Quam
285 1557 389 1620 malus
413 1555 489 1620 navi
511 1556 546 1619 in
569 1555 694 1620 corbita
717 1466 876 1619 illilrllus
899 1555 975 1619 ulla.
1099 1617 1103 1624 ,

88 1733 120 1797 4.
157 1731 341 1797 Terriculas
364 1731 507 1815 Lamias,
530 1729 636 1796 Fauni
660 1753 740 1816 quas
762 1731 979 1817 Pompiliique

157 1821 333 1885 instituere
356 1819 496 1904 Numae,
518 1820 629 1885 tremit
650 1820 725 1904 has,
748 1819 828 1884 basc
850 1821 960 1886 omina
982 1820 1085 1903 ponit.

155 1907 203 1974 Vt
225 1911 317 1994 pueri
339 1909 483 1975 infantes
507 1908 642 1973 credunt
664 1908 759 1995 signa
783 1909 893 1974 omnia
915 1915 997 1974 atina

156 1996 274 2064 Vivere
298 2003 331 2063 et
353 2019 424 2064 esse
447 1998 609 2064 homines:
633 1998 679 2063 sic
702 1998 759 2064 isti
783 2018 920 2082 corpora
942 1997 1018 2062 ficta

126 2086 243 2152 oVera
265 2092 397 2171 putant,
420 2087 555 2152 credunt
577 2087 679 2172 signis
703 2107 759 2152 cor
782 2087 889 2152 inesse
912 2086 947 2152 in
970 2085 1070 2152 ainis.

156 2175 297 2260 Pergula
319 2176 493 2259 pictorum,
515 2174 582 2240 veri
606 2174 703 2259 nihil,
726 2174 837 2240 omnia
859 2175 943 2241 ficta.
1049 2202 1054 2210 ·

439 2388 470 2454 5.
504 2386 589 2474 (Lib.
612 2389 673 2454 inc.
697 2385 757 2474 m.)

87 2509 142 2568 (iic.
159 2511 252 2567 de'fin.
268 2511 280 2566 I
299 2516 364 2581 3,8:
385 2511 440 2566 ‘res
459 2526 525 2566 vero
543 2510 646 2580 bonas,
664 2510 757 2566 verbis
771 2511 870 2567 electis
885 2511 1010 2582 graviter
1024 2527 1105 2566 orna·

89 2603 174 2671 teque
198 2601 312 2670 (Latiam
334 2601 465 2670 semrom)
493 2599 596 2668 dictas,
628 2594 690 2667 quis
717 2615 774 2654 non
798 2599 895 2670 legat?
927 2599 982 2655 nisi
1005 2600 1054 2669 qni
1072 2601 1107 2670 :se

89 2690 174 2760 plane
193 2690 330 2745 Graecum
348 2687 405 2744 dici
422 2687 505 2756 velit,
531 2688 600 2741 uta
618 2686 661 2758 (ᾳ
678 2687 787 2757 Mucio)
808 2687 944 2744 Scaevola
966 2691 1010 2743 est
1027 2705 1106 2759 prac-

88 2781 151 2835 tore
170 2779 308 2834 salutatus
321 2776 440 2833 Athenis
455 2777 511 2847 (T.)
530 2775 678 2830 Albucius.
697 2791 781 2845 quem
801 2777 913 2845 quidem
931 2778 1024 2833 locum
1042 2795 1107 2833 cum

26 2939 30 2943 ῃ
88 2866 180 2922 multa
197 2869 344 2924 venustate
367 2869 397 2922 et
415 2865 491 2922 omni
514 2863 573 2920 sale
590 2864 727 2934 Lucilius,
747 2866 834 2940 'apud
856 2884 940 2935 quem
962 2867 1107 2937 praeclare

515 2953 678 3008 Scaevola’·

157 3024 316 3127 Graccum
330 3066 373 3147 tc,
386 3060 514 3146 Albuci,
528 3083 625 3155 quam
634 3061 869 3128 Romanum
834 3067 869 3128 a
870 3086 931 3148 que
941 3063 1107 3149 Sabinum,

155 3148 355 3234 Municipem
376 3150 488 3235 Ponti,
512 3147 659 3238 Tritani,
676 3153 914 3237 centurionum,

156 3238 398 3304 Praeclarorum
411 3239 580 3305 hominum
600 3263 637 3306 ac
651 3241 830 3326 primorum
845 3241 1107 3328 signiferumque,

156 3326 305 3393 Maluisti
328 3327 399 3393 dici
441 3327 562 3394 Graece
585 3350 663 3416 ergo
686 3333 819 3414 praetor
842 3329 994 3415 Athenis,

124 3416 192 3482 old
216 3417 303 3501 quod
325 3416 482 3503 maluisti,
505 3421 551 3498 te,
575 3438 648 3484 cum
666 3418 707 3483 ad
725 3441 777 3484 me
797 3417 961 3506 accedi(s,)
984 3421 1103 3486 saluto·
