2384 3848
412 187 485 243 vm.
505 183 706 240 nnnrmms
881 173 905 198 ‘
1001 181 1064 251 131

88 333 233 418 elnpius
256 331 390 398 infando
413 333 506 397 miles
529 330 745 413 corrumpitur
767 350 860 408 aure,

163 421 209 486 Et
231 422 332 486 tantis
356 420 472 505 opibus¹
495 441 557 485 vox
580 422 667 484 tecet
689 440 754 482 une
776 417 847 482 tibi.

119 509 202 587 Quid
224 514 362 595 prosunt
385 530 495 575 sacrae
517 507 661 592 pretiosa
684 506 815 572 silentia
837 505 990 592 linguae?

162 598 323 683 Incipient
347 618 458 663 omnes
481 618 540 680 pro
565 593 721 672 Cicerone
743 594 842 679 loqui.

451 773 504 837 40.
537 769 583 858 (v
607 768 664 857 74.)

454 894 485 947 In
504 892 658 963 Pompeios.

118 1002 290 1088 Pompeios
313 1004 443 1068 iuvenes
467 1003 548 1068 Asia
570 1006 667 1087 etque
688 1000 835 1086 Europa,
858 1002 914 1066 sed
936 1002 1041 1086 ipsum

162 1091 262 1156 Terre
284 1092 368 1176 tegit
389 1090 523 1176 Libyae,
547 1093 574 1157 si
597 1095 708 1156 temen
729 1090 800 1154 ulle
821 1089 914 1175 tegit

119 1179 202 1256 Quid
225 1181 342 1244 mirum
365 1184 436 1245 teto
461 1180 489 1244 si
513 1181 678 1266 spargitur
701 1177 802 1244 orbe?
829 1179 934 1244 iecere

162 1267 237 1334 Vno
260 1290 326 1333 non
349 1273 477 1352 poteret
499 1272 592 1334 tante
614 1269 711 1333 ruine
731 1267 815 1333 loco.

378 1458 512 1522 41-45.
547 1461 755 1529 Apophoreta.

424 1624 476 1687 41.
510 1620 604 1707 (XIV
627 1619 685 1706 rr.)

480 1743 626 1798 Scrinium.

120 1851 261 1917 Selectos
285 1854 350 1917 nisi
373 1853 430 1918 das
453 1853 534 1918 mihi
557 1854 699 1937 libellos,

120 1940 299 2006 Admittam
322 1943 426 2006 tineas
450 1945 619 2026 trucesque
643 1941 774 2007 blattas.

390 2159 394 2167 ·
417 2118 474 2183 42.
508 2116 601 2203 (XIV
624 2114 682 2202 44.)

375 2238 581 2295 Candelabrum
598 2238 733 2310 ligneum.

116 2345 197 2413 Esse
220 2347 310 2414 vides
333 2349 473 2436 lignum3
497 2371 608 2415 serves
629 2349 695 2414 nisi
716 2349 852 2434 lumine,
874 2349 934 2415 fiat

159 2435 208 2501 De
232 2437 424 2503 candelabro
446 2458 566 2523 magna
587 2437 720 2502 lucerne
741 2436 811 2501 tibi.

414 2616 467 2680 43.
500 2612 593 2699 (XIV
618 2614 692 2700 183.)

322 2735 437 2792 Homeri
455 2733 781 2804 Batrachemyemcchim

114 2841 248 2928 Perlege
271 2843 421 2909 Maeonio
443 2847 592 2909 cantatae
616 2844 756 2909 carmine
779 2863 874 2931 renes

159 2930 203 2996 nt
225 2931 364 2997 frontem
386 2933 482 3016 nugis
503 2931 632 2996 solvere
655 2932 743 2996 disce
767 2930 855 2995 meis.

415 3110 469 3173 44.
501 3106 594 3193 (XIV
620 3105 694 3194 194.)

483 3229 621 3284 Lucanus.

114 3338 198 3404 Sunt
220 3299 364 3426 quidem,
386 3340 441 3425 qui
464 3359 515 3403 me
538 3336 648 3404 dicent
670 3359 738 3402 nen
760 3359 831 3404 esse
853 3341 998 3422 poetam:

159 3425 221 3493 Sed
244 3429 299 3513 qui
321 3450 372 3493 me
396 3426 507 3493 rendit
527 3426 723 3513 bibliopola,
744 3430 853 3511 nete-t
885 3524 928 3578 ψ
