2384 3848
79 170 124 271 ed
458 204 505 259 iv.
526 203 717 260 carvanas

100 368 132 416 15
149 349 367 415 Semimortua
388 350 507 415 lectulo
531 349 693 433 iacebant,

147 438 233 522 Hoc,
256 438 406 523 iucunde,
428 438 490 503 tibi
513 459 628 523 poema
651 436 726 520 feci,

147 528 199 592 Ex
223 551 286 613 quo
309 527 507 613 perspiceres
531 548 639 591 meum
662 527 815 591 dolorem.

147 615 243 682 Nune
267 617 370 682 audax
387 637 471 680 cave
495 616 552 698 111,
576 636 749 699 precesque
772 618 914 699 nostras,

149 705 302 789 Oramus,
325 727 401 770 cave
425 704 578 788 despuas,
601 703 715 788 ocelle,

97 811 133 859 20
147 793 198 858 Ne
221 816 343 879 poenas
366 792 516 859 Nemesis
539 795 689 876 reposcat
713 815 731 856 a
754 795 795 856 te.

147 882 212 948 Est
234 905 366 948 vemens
391 882 463 947 dea:
487 880 614 947 laedere
636 881 721 945 hane
743 884 837 946 cavet
859 931 866 945 .

507 1025 536 1088 l·
570 1019 609 1108 (0·
628 1019 668 1106 a.)

478 1124 522 1179 Ad
541 1123 702 1179 Veranium.

150 1219 286 1303 Verani,
310 1218 461 1284 omnibus
485 1239 501 1282 1
525 1217 606 1281 meis
631 1216 742 1281 amicis

150 1309 322 1373 Antistans
347 1307 428 1372 mihi
450 1306 580 1370 milibus
603 1306 769 1388 trecentis,
804 1383 805 1386 Ἴ

151 1397 322 1462 Venistine
346 1396 478 1461 domum
502 1394 542 1459 ad
565 1397 639 1458 tuos
663 1393 801 1459 Penates

149 1485 345 1571 Fratresque
368 1484 539 1549 unanimos
562 1503 722 1567 anumque
744 1484 903 1548 matrem?

118 1575 287 1639 5Venisti.
325 1597 343 1639 ο
367 1573 447 1637 mihi
470 1572 579 1636 nuntii
602 1572 702 1636 beati!

149 1663 264 1727 Visam
287 1667 320 1727 11
343 1662 538 1727 incolumem
564 1659 756 1745 audiamque
779 1659 938 1726 Hiberum

150 1749 346 1815 Narrantem
369 1751 453 1832 loca,
476 1749 577 1830 facta,
600 1749 762 1830 nationes,

151 1840 198 1904 Vt
220 1860 291 1904 mos
315 1841 365 1904 est
387 1842 478 1920 tuus,
501 1837 731 1922 applicansque
754 1837 873 1902 collum

147 1927 330 1993 lucundum
354 1949 390 1992 os
415 1926 589 2011 oculosque
613 1925 771 1990 saviabor.

7 2079 9 2084 ,
102 2017 178 2082 100
202 2020 359 2101 quantum
384 2019 433 2080 est
456 2015 623 2081 hominum
647 2014 843 2097 beatiorum,

151 2105 235 2181 Quid
259 2128 310 2169 me
333 2106 450 2170 laetius
475 2107 525 2170 est
547 2103 738 2168 beatiusve‘?

505 2247 534 2310 8.
568 2241 608 2328 (c.
629 2241 686 2329 eo.)

491 2348 536 2401 Ad
554 2347 695 2403 Alfenum.

154 2438 268 2503 Alfene
291 2439 449 2502 inmemor
472 2442 568 2525 atque
593 2438 756 2504 unanimis
779 2439 861 2504 false
881 2441 1063 2522 sodalibus,

153 2529 223 2593 Iam
247 2532 279 2592 te
304 2527 350 2590 nil
373 2529 518 2612 miseret,
542 2528 633 2611 dure,
656 2529 705 2592 tui
729 2527 829 2592 duleis
854 2529 1006 2619 amiculi?

153 2668 222 2734 Iam
247 2691 298 2733 me
322 2670 470 2754 prodere,
492 2671 558 2734 iam
576 2689 645 2733 non
664 2667 792 2735 dubitas
811 2671 937 2755 fallere,
960 2669 1100 2756 perfide?

152 2758 246 2822 Eheu
261 2757 336 2841 quid
350 2756 718 2843 faciant,dic,homines,
728 2760 817 2825 cuive
829 2759 974 2824 habeant
983 2759 1099 2825 fidem?

121 2897 250 2965 oCerte
273 2903 342 2964 tute
362 2900 497 2965 iubebas
522 2901 664 2966 animam
688 2902 828 2985 tradere,
851 2902 974 2987 inique,
998 2924 1050 2968 me

152 2988 312 3054 Inducens
336 2990 371 3052 in
395 3012 551 3075 amorem,
575 2990 668 3074 quasi
691 2993 763 3056 tuta
786 2993 897 3057 omnia
920 2992 967 3056 mi
988 2991 1100 3057 forent.

152 3127 243 3192 Idem
265 3152 351 3195 nune
374 3133 513 3198 retrahis
536 3136 568 3197 te
588 3154 625 3197 ao
644 3136 701 3198 tua
720 3134 806 3199 dicta
825 3135 934 3199 omnia
951 3132 1099 3217 factaque

153 3216 277 3283 Ventos
301 3218 399 3284 inrita
421 3221 504 3286 ferre
528 3243 566 3286 ac
589 3222 723 3287 nebulas
748 3223 850 3288 a‘e'rias
875 3224 964 3288 sinis.

154 3357 189 3424 si
208 3363 244 3424 tu
264 3359 386 3425 oblitus
406 3383 453 3446 es,
477 3368 511 3427 at
530 3364 562 3428 di
580 3364 807 3448 meminerunt,
832 3364 980 3428 meminit
995 3361 1099 3444 Fides,

32 3522 34 3537 ι
84 3445 139 3512 ⁴10
155 3448 244 3525 Quae
267 3453 300 3513 te
323 3453 360 3514 ut
382 3452 547 3536 paeniteat
570 3453 742 3536 postmodo
766 3453 844 3517 facti
867 3453 965 3517 111111
989 3453 1047 3518 tui.
