2384 3848
451 181 723 239 moveamus
1050 185 1095 253 55
1136 250 1142 261 ¹

142 325 178 392 Si
201 327 273 412 quis
297 348 352 392 eas
376 327 487 392 subter
509 327 610 392 iacuit
632 332 813 413 prostratus
837 330 871 393 in
893 330 1014 396 herbis.

141 416 205 481 Est
226 415 325 480 etiam
348 416 476 500 magnis
499 414 666 481 Heliconis
689 418 855 482 montibus
879 419 976 484 arbos

88 521 129 571 so
147 503 254 570 Floris
277 504 376 568 odoro
398 503 562 568 hominem
584 508 690 570 taetro
715 510 870 571 consueta
891 529 1016 574 necare.

144 591 285 675 Scilicet,
307 593 387 656 haec
410 592 482 657 ideo
506 593 601 658 terris
626 615 664 657 ex
688 595 797 659 omnia
821 599 959 680 surgunt

143 680 250 746 Multa
272 680 378 746 modis
401 681 513 745 multis
537 682 711 746 multarum
734 683 859 748 semina
881 705 1002 768 rerum,

144 769 237 847 Quod
259 769 419 854 permixta
442 770 527 854 gerit
548 770 647 835 tellus
671 771 871 857 discretaque
895 772 1003 837 tradit.

142 855 409 942 Nocturnumque
431 879 544 923 recens
568 859 763 924 exstinctum
786 860 896 925 lumen
919 862 974 926 ubi
999 862 1065 927 acri

91 962 131 1012 ss
145 946 268 1012 Nidore
292 946 426 1011 offendit
447 968 556 1030 nares,
580 947 731 1031 consopit
753 948 872 1014 ibidem

144 1033 322 1102 Concidere
344 1038 378 1100 et
401 1056 531 1119 spumas
555 1037 610 1119 qui
633 1037 747 1102 morbo
771 1037 898 1102 mittere
923 1039 1035 1104 suevit.

145 1123 314 1208 Multaque
337 1127 506 1208 praeterea
528 1125 718 1209 languentia
741 1127 886 1191 membre
908 1149 966 1211 per
989 1132 1080 1194 artus

144 1211 282 1278 Solvunt
304 1215 401 1298 atque
425 1213 568 1278 animam
590 1213 790 1279 labefactant
813 1215 942 1280 sedibus
965 1216 1065 1282 intus.

143 1300 291 1386 Denique
315 1302 343 1366 si
366 1301 478 1366 calidis
502 1302 601 1366 etiam
624 1307 775 1368 cunctare
798 1303 940 1369 lavabris

92 1405 131 1456 60
146 1389 278 1455 Plenior
300 1393 334 1455 et
356 1389 489 1474 laveris,
514 1390 595 1454 solio
619 1391 775 1456 ferventis
799 1393 894 1476 aquai

132 1477 248 1554 Quam
270 1478 365 1544 facile
388 1479 423 1544 in
446 1478 551 1543 medio
574 1479 613 1543 fit
635 1480 684 1543 uti
708 1474 763 1544 des
787 1501 883 1564 saepe
906 1481 1030 1545 ruinas!

145 1565 395 1652 Carbonumque
419 1568 528 1651 gravis
552 1567 601 1632 vis
626 1572 722 1652 atque
745 1567 825 1632 odor
847 1569 1031 1633 insinuatur

145 1654 249 1731 Quam
271 1656 364 1721 facile
388 1657 423 1720 in
446 1657 626 1740 cerebrum,
649 1656 713 1721 nisi
737 1673 855 1742 aquam
872 1653 1093 1743 praecepimus

826 1748 916 1811 ante!

144 1831 191 1897 At
213 1854 286 1899 cum
308 1834 455 1898 membra
478 1833 592 1898 domus
615 1834 761 1919 percepit
783 1834 937 1900 fervidior
960 1836 1023 1919 vis,

91 1936 129 1988 65
146 1920 231 1986 Tum
253 1923 292 1986 fit
315 1921 394 1987 odor
417 1921 478 1987 viri
500 1922 616 2006 plagae
640 1922 825 1988 mactabilis
848 1923 959 1988 instar.

143 2009 262 2076 Nonne
285 2010 374 2075 vides
399 2010 498 2075 etiam
520 2013 607 2074 terra
630 2031 756 2095 quoque
780 2011 894 2095 sulpur
916 2012 951 2075 in
973 2011 1046 2095 ipsa

144 2098 282 2184 (lignier
304 2102 338 2164 et
359 2102 463 2164 taetro
487 2119 692 2164 concrescere
715 2099 813 2163 odore
837 2099 998 2181 bitumen3

144 2188 291 2272 Denique
314 2188 371 2252 ubi
394 2188 522 2274 ergenii
544 2209 643 2253 venas
667 2188 801 2272 aurique
825 2192 1019 2272 sequuntur‚'
1152 2262 1155 2266 A

145 2276 256 2343 Terrai
279 2278 409 2362 penitus
433 2280 614 2342 scrutantes
638 2277 750 2342 abdita
771 2277 874 2361 ferro,
998 2340 1003 2349 ,

94 2380 132 2429 70
147 2365 258 2443 Qualis
283 2366 423 2448 exspiret
446 2363 660 2449 Scaptensula
683 2366 794 2431 subter
817 2365 953 2431 odores?
1009 2381 1011 2384 ’

146 2452 271 2530 Quidve
294 2454 372 2517 mali
394 2453 433 2517 fit
455 2457 492 2518 ut
514 2453 667 2518 exhalent
689 2457 803 2518 aurata
825 2455 969 2519 metalla!

148 2541 235 2618 Quas
258 2541 426 2607 hominum
448 2540 588 2605 reddunt
609 2541 709 2605 facies
734 2543 901 2625 qualisque
925 2543 1063 2607 colores!

147 2629 265 2695 Nonne
287 2629 376 2694 vides
401 2630 532 2694 audisve
555 2630 660 2714 perire
683 2630 717 2692 in
740 2633 886 2714 tempore
909 2651 1009 2714 parvo

146 2717 251 2794 Quam
274 2719 415 2801 soleant,
438 2721 471 2782 et
493 2739 591 2804 quam
613 2719 695 2783 vitai
718 2718 811 2802 copia
834 2717 930 2801 desit,

95 2820 132 2873 ‘15
148 2807 237 2884 Quos
262 2829 357 2892 opere
379 2807 415 2871 in
437 2807 498 2871 tali
521 2807 650 2872 cohibet
673 2807 721 2872 vis
745 2827 865 2892 magna
886 2806 1050 2872 necessis‘?

144 2894 216 2961 Hos
238 2896 340 2982 igitur
362 2895 459 2960 tellus
484 2896 588 2961 omnis
612 2900 781 2961 exaestuat
804 2899 913 2960 aestus

145 2983 364 3070 Exspiratque
387 2984 475 3050 foras
498 2985 534 3048 in
557 2988 706 3069 apertum
728 2987 942 3068 promptaque
965 2983 1055 3049 caeli.

191 3070 245 3138 Sic
268 3076 303 3138 et
325 3073 456 3138 Averna
478 3074 550 3138 loca
573 3073 705 3138 alitibus
729 3072 918 3137 submittere
941 3072 1061 3138 debent

145 3161 348 3227 Mortiferam
371 3163 451 3245 vim,
473 3162 513 3227 de
536 3165 623 3226 terra
646 3182 728 3246 quae
753 3160 859 3246 surgit
882 3161 917 3225 in
940 3183 1052 3244 auras,

95 3265 132 3314 80
146 3249 193 3314 Vt
216 3250 359 3336 spatium
382 3251 465 3317 caeli
488 3250 628 3336 quadam
651 3250 690 3314 de
713 3253 806 3333 parte
831 3254 981 3334 venenet;

148 3337 219 3415 Quo
244 3339 380 3404 simulac
403 3340 542 3424 primurn
564 3338 680 3423 pennis
704 3337 812 3403 delata
835 3338 878 3403 sit
901 3339 979 3420 ales,

145 3425 336 3512 Inpediatur
358 3428 404 3493 ibi
428 3449 522 3494 caeco
546 3430 695 3512 correpta
717 3447 857 3511 veneno,
