2384 3848
467 206 527 262 vu.
547 205 695 261 OVIDIVS
1026 206 1090 272 119

141 351 281 418 Nomine
304 373 371 417 non
394 354 480 435 utar,
502 373 544 415 ne
567 351 790 416 commendere
814 352 958 437 querella

185 441 428 524 Quaeraturque
451 439 513 504 tibi
537 440 678 505 carmine
700 441 790 504 fama
812 461 893 506 meo.

110 530 229 596 sDum
251 551 324 594 mea
346 529 465 612 puppis
488 531 558 607 erat
580 528 688 594 valida
711 528 848 594 fundata
871 529 995 615 carina,

187 616 249 693 uui
272 639 398 683 mecum
421 618 520 682 velles
544 639 684 702 currere,
707 617 832 702 primus
855 639 935 683 eras.

141 704 250 789 Nunc,
274 706 350 790 quia
373 706 534 771 contraxit
555 705 680 770 voltum
703 705 861 789 Fortuna,
884 707 1020 792 recedis,

187 793 318 859 Auxilio
341 797 515 879 postquam
539 793 601 858 scis
625 816 706 878 opus
730 815 799 859 esse
822 797 889 860 tuo.

142 883 338 948 Dissimulas
362 883 474 965 etiam,
497 904 557 947 nec
580 903 631 946 me
654 882 703 948 vis
727 904 823 948 nosse
844 883 958 968 videri,

93 989 130 1038 10
189 971 330 1056 Quisque
354 971 409 1054 sit,
434 971 544 1035 audito
567 970 711 1056 nomine,
734 970 838 1057 Naso,
860 993 966 1058 rogas.

142 1059 200 1147 Ille
224 1081 286 1145 ego
310 1082 394 1144 sum,
419 1081 614 1145 quamquam
636 1080 704 1125 non
726 1059 775 1124 ris
799 1060 923 1146 audire,
945 1063 1075 1127 vetusta

188 1148 297 1213 Paene
319 1170 400 1232 puer
423 1169 523 1233 puero
546 1148 676 1213 iunctus
700 1149 856 1214 amicitia:

142 1237 202 1301 Ille
225 1257 300 1322 ego,
323 1237 378 1321 qui
401 1237 524 1320 primus
547 1239 604 1300 tua
628 1238 711 1301 seria
733 1258 829 1302 nosse
853 1238 1010 1322 solebam,

190 1325 235 1390 Et
257 1325 318 1389 tibi
341 1325 486 1390 iucundis
510 1325 633 1409 primus
658 1325 770 1390 adesse
792 1325 887 1391 iocis:

93 1413 204 1479 101111
227 1433 287 1498 ego
312 1415 476 1480 convictor
499 1413 663 1498 densoque
686 1413 880 1479 domesticus
903 1437 980 1493 usu,

187 1501 246 1565 Ille
270 1521 331 1587 ego
355 1501 482 1566 iudiciis
506 1501 601 1566 unica
623 1498 718 1566 Musa
739 1504 820 1566 tuis!

127 1590 203 1676 xIlle
227 1611 288 1675 ego
313 1612 398 1674 sum,
421 1591 477 1675 qui
499 1612 584 1654 nunc
607 1611 650 1654 en
672 1590 791 1673 rivam,
814 1591 948 1674 perfide,
971 1590 1093 1673 nescis,

188 1675 275 1762 Oura
297 1678 359 1744 tibi
382 1678 419 1743 de
443 1700 506 1763 quo
531 1700 683 1763 quaerere
705 1679 795 1743 nulla
817 1679 887 1743 fuit.

146 1765 221 1833 Sive
243 1766 292 1831 fui
313 1789 493 1852 numquam
515 1789 622 1851 carus,
645 1767 815 1833 simulasse
838 1768 967 1834 fateris:

92 1871 130 1920 10
190 1854 252 1920 Seu
275 1877 342 1920 non
364 1856 524 1941 fingebas,
546 1856 708 1921 inveniere
731 1856 820 1921 levis.

143 1943 211 2009 Aut
234 1964 306 2029 age,
331 1944 381 2009 dic
405 1945 547 2028 aliquam
570 1966 651 2029 quae
674 1948 707 2008 te
731 1945 905 2009 mutaverit
927 1945 1025 2010 iram:

187 2030 274 2097 Nam
296 2032 360 2096 nisi
383 2033 469 2097 iusta
490 2035 548 2097 tua
571 2035 633 2117 est,
663 2033 750 2096 iusta
773 2033 916 2117 querella
939 2054 1012 2097 mee
1035 2037 1094 2098 est.

145 2118 236 2197 Quod
260 2125 293 2184 te
316 2143 402 2186 nunc
426 2121 548 2185 crimen
572 2121 711 2186 similem
735 2123 824 2186 vetat
846 2143 916 2186 esse
939 2121 1063 2205 priori?

189 2208 242 2273 An
266 2209 398 2294 crimen,
423 2210 514 2294 coepi
538 2210 623 2294 quod
645 2209 743 2274 miser
766 2231 849 2291 esse,
871 2210 989 2275 rocas?

91 2295 180 2363 1581
204 2296 284 2363 mihi
307 2298 404 2362 rebus
427 2320 521 2381 opem
543 2299 667 2364 nullam
689 2298 847 2383 factisque
870 2298 1010 2384 ferebas,

189 2384 343 2450 Venisset
365 2387 473 2451 verbis
497 2387 610 2451 charta
631 2389 745 2451 notata
768 2387 881 2451 tribus.

145 2472 209 2538 Vix
233 2474 382 2559 equidem
405 2474 513 2557 credo,
537 2474 592 2538 sed
616 2477 649 2538 et
670 2475 828 2539 insultare
850 2475 971 2541 iacenti

189 2561 236 2627 Te
258 2562 341 2627 mihi
363 2585 422 2629 nec
446 2563 552 2628 verbis
575 2583 706 2647 parcere
729 2561 948 2628 famarefert.

147 2650 232 2727 Quid
254 2650 348 2735 facis,
372 2653 405 2716 al
430 2650 583 2716 demens?
606 2673 675 2735 cur,
699 2651 727 2716 11
750 2651 882 2716 fortuna
904 2651 1049 2735 recedat,

95 2755 132 2805 30
189 2737 370 2824 Naufragio
393 2739 544 2805 lacrimas
567 2740 665 2823 eripis
688 2739 758 2824 ipse
781 2739 862 2805 tuo?

144 2826 234 2892 Haec
257 2828 317 2893 dea
338 2849 406 2892 non
426 2829 549 2912 stabili,
573 2850 670 2914 quam
690 2828 733 2893 sit
750 2829 844 2912 levis,
868 2829 944 2893 orbe
963 2828 1095 2914 fatetur,

190 2915 292 2992 Quem
316 2939 476 2981 summum
499 2917 597 2981 dubio
622 2918 681 2983 sub
704 2917 785 3000 pede
809 2938 935 2999 semper
957 2915 1064 2982 habet

145 3003 298 3080 Quolibet
320 3005 484 3089 estfolio,
508 3005 622 3090 quavis
645 3005 800 3070 incertior
823 3026 916 3089 aura,

93 3099 100 3110 '
189 3093 327 3176 Perilli
349 3093 477 3177 levitas,
500 3094 651 3178 inprobe,
675 3094 745 3160 sola
767 3097 824 3158 tua
847 3096 906 3158 est.

92 3180 263 3247 aerumnis
286 3185 364 3247 sunt
384 3181 553 3247 hominum
575 3183 667 3246 tenui
690 3181 864 3265 pendentia
886 3183 943 3248 filo

189 3269 235 3334 Et
259 3269 367 3336 subito
391 3292 468 3336 casu
491 3292 574 3355 quae
596 3271 725 3334 valuere
748 3273 856 3335 ruunt.

145 3356 265 3422 Divitis
289 3358 399 3423 audita
421 3363 471 3424 est
494 3358 546 3424 cui
567 3380 634 3423 non
657 3359 822 3442 opulentia
845 3357 978 3424 Croesi?

189 3444 315 3530 Nempe
338 3451 450 3513 tamen
472 3448 572 3513 vitam
597 3451 711 3532 captus
734 3449 775 3513 ab
797 3449 893 3513 hoste
916 3446 1001 3512 tulit.
