2384 3848
439 211 486 268 VI.
505 210 736 266 PROPERTIVS
1049 211 1093 275 85

142 353 219 440 Sed,
243 356 330 442 quod
348 377 428 439 paee
446 356 551 441 legas,
574 378 656 442 opus
675 357 738 422 hoo
756 357 794 420 de
814 360 923 421 monte
944 379 1092 422 sororum

187 445 314 509 Detulit
337 445 460 510 intaeta
482 445 603 530 pagina
626 448 739 510 nostra
761 445 823 510 via.

141 533 270 616 Mollia,
293 532 480 617 Pegasides,
503 535 578 598 date
600 537 709 620 uestro
733 538 819 598 serta
841 537 969 616 poetae:

93 639 128 688 20
187 620 264 688 Non
288 621 386 687 faciet
408 622 509 705 capiti
533 622 613 687 dura
636 643 756 688 corona
779 644 862 687 meo.

141 711 188 775 At
210 710 292 774 mihi
315 711 402 794 quod
423 712 499 775 vivo
522 711 698 776 detraxerit
719 711 831 776 invida
846 711 964 794 turba,
1088 716 1091 720 ⁴

188 798 269 864 Post
292 800 417 864 obitum
442 799 564 883 duplici
586 800 718 864 faenore
740 799 852 864 reddet
875 798 997 863 Honos.

142 887 260 952 Omnia
282 891 358 971 post
380 887 506 953 obitum
529 888 626 974 fingit
648 889 774 952 maiora
796 890 955 972 vetustas,

189 974 294 1041 Maius
318 976 360 1040 ab
384 976 527 1060 exequiis
551 998 672 1042 nomen
695 978 731 1040 in
754 997 812 1040 ora
834 976 933 1041 venit.

92 1081 126 1128 aa
141 1063 228 1129 Nam
253 1064 324 1149 quis
349 1086 431 1149 equo
454 1064 567 1147 pulsas
590 1066 729 1150 abiegno
752 1069 901 1130 nosceret
924 1085 1029 1149 aroes,

186 1152 399 1238 Fluminaque
422 1152 605 1218 Haemonio
629 1153 810 1219 comminus
832 1156 898 1218 isse
920 1153 989 1217 viro
995 1204 1004 1237 ‚

141 1241 274 1306 Idaeum
297 1240 464 1314 Simoenta
486 1240 573 1306 Iovis
597 1264 670 1307 oum
693 1244 784 1326 prole
807 1240 1020 1324 Scamandm,

186 1329 330 1396 Hectora
352 1352 410 1413 per
433 1351 563 1414 campos
587 1336 637 1395 ter
660 1331 840 1396 maculasse
863 1331 975 1395 rotas?

141 1417 412 1503 Deiphobumque
435 1418 660 1504 Helenumque
683 1424 716 1484 et
737 1418 976 1502 Polydamanta
1002 1421 1035 1482 et
1058 1419 1092 1482 in

384 1554 389 1564 .
717 1558 723 1564 .
824 1527 922 1570 armrs

90 1612 128 1660 30
187 1595 460 1680 Qualemoumque
483 1595 582 1660 Parin
605 1596 660 1661 vix
683 1618 742 1661 sua
765 1599 877 1661 nosset
898 1595 1024 1660 humus.

142 1683 271 1767 Exiguo
295 1706 443 1750 sermone
466 1685 551 1749 fores
574 1707 672 1769 nuno,
695 1685 795 1768 ilion,
818 1689 851 1748 et
873 1687 909 1749 tu

188 1772 287 1837 Troia
310 1774 361 1837 bis
385 1772 499 1838 Oetaei
521 1774 654 1838 numine
678 1777 774 1857 capta
797 1773 857 1838 dei.

143 1860 213 1926 Neo
236 1882 303 1927 non
324 1861 380 1926 ille
402 1862 451 1926 tui
475 1883 567 1926 casus
589 1865 788 1928 memorator
810 1861 972 1926 Homerus

118 1967 120 1972 ’
185 1948 381 2015 Posteritate
405 1972 498 2015 suum
523 1971 664 2016 erescere
687 1951 789 2014 sensit
812 1971 903 2033 opus.

89 2035 256 2129 solideque
278 2039 364 2103 inter
387 2059 475 2103 seros
498 2039 645 2103 laudabit
667 2033 773 2103 Roma
794 2044 946 2121 nepotes:

186 2125 284 2190 Illum
306 2130 383 2210 post
405 2128 528 2192 eineres
552 2125 695 2212 augur'or
717 2128 786 2211 ipse
810 2127 905 2191 diem.

142 2212 193 2278 Ne
216 2236 288 2279 mea
312 2219 500 2299 contempto
523 2216 608 2300 lapis
631 2217 753 2281 indicet
776 2238 851 2282 ossa
874 2214 1035 2301 sepulcro,

185 2302 356 2368 Provisum
379 2308 430 2369 est
453 2303 553 2387 Lyoio
576 2309 653 2369 vota
675 2304 836 2388 probante
859 2305 927 2369 deo.

142 2389 302 2456 Carminis
325 2392 449 2457 interea
471 2395 576 2458 nostri
598 2394 767 2458 redeamus
790 2394 824 2458 in
848 2393 974 2477 orbem,

90 2494 128 2543 40
188 2479 336 2545 Gaudeat
358 2481 392 2544 in
417 2480 515 2546 solito
539 2485 627 2546 taeta
650 2482 758 2564 puella
782 2504 872 2547 sono.

95 2567 119 2631 2
143 2565 273 2651 Orphea
296 2569 455 2634 delenisse
478 2569 563 2634 feras
588 2574 620 2634 et
643 2571 771 2635 aoneita
794 2569 907 2634 dieunt

186 2655 337 2722 Flumina
360 2657 510 2722 Threicia
533 2658 726 2723 sustinuisse
749 2659 834 2743 lyra:

142 2743 227 2810 Saxa
251 2743 455 2811 Cithaeronis
478 2745 608 2812 Thebas
633 2747 759 2831 agitata
782 2768 840 2830 per
863 2750 966 2810 artem

187 2832 309 2917 Sponte
333 2857 392 2899 sua
414 2836 449 2900 in
472 2835 557 2900 muri
579 2836 726 2900 membra
749 2837 853 2902 eoisse
876 2835 997 2899 ferunt:

90 2935 126 2984 45
142 2919 227 2997 Quin
250 2923 363 3006 etiam,
385 2922 598 3009 Polypheme,
616 2924 692 2996 ‚fera
715 2923 853 2989 Galatea
876 2923 936 2988 sub
959 2924 1069 2989 Aetna

187 3010 239 3074 Ad
262 3014 319 3076 tua
341 3014 490 3077 rorantes
515 3015 660 3078 earmina
682 3012 773 3078 flexit
796 3033 908 3097 equos:

140 3096 311 3185 Miremur,
333 3102 428 3166 nobis
452 3104 485 3166 et
507 3100 638 3166 Baooho
662 3104 696 3166 et
718 3100 872 3185 Apolline
896 3100 1022 3186 dextro,

124 3190 128 3197 '
185 3186 295 3252 Turba
317 3190 499 3273 puellarum
523 3191 551 3254 si
574 3211 646 3254 mea
669 3191 768 3254 verba
791 3190 892 3256 colit?

140 3273 234 3350 Quod
257 3298 323 3342 non
347 3277 514 3343 Taenariis
538 3277 652 3344 domus
682 3283 731 3344 est
758 3280 839 3344 mihi
862 3280 947 3343 fulta
970 3278 1091 3343 colum-

822 3389 873 3433 ms

89 3467 126 3516 ao
186 3451 257 3519 Neo
276 3475 408 3521 oamera
432 3459 561 3520 auratas
585 3456 671 3522 inter
695 3458 816 3522 eburna
838 3419 960 3535 trdbes,

1121 3512 1130 3617 i
