2384 3848
460 168 507 225 Ν.
529 169 718 226 curvatus
1053 172 1097 239 65

144 312 212 379 Nec
222 313 309 378 facta
322 312 413 397 inpia
426 314 579 379 fallacum
592 315 762 380 hominum
777 316 939 382 caelicolis
950 318 1096 401 placent:

144 401 233 478 Quae
250 406 287 466 tu
306 403 466 487 neglegis,
490 424 527 468 ac
551 423 602 467 me
625 403 779 468 miserum
799 405 918 470 deseris
936 406 971 470 in
989 407 1093 473 malis.

469 561 528 626 a
561 558 602 647 (ο.
620 560 679 649 a>

279 655 282 660 ’
389 662 431 719 De
450 662 527 718 mala
546 663 673 720 oratione
693 664 784 721 Sestii.

145 755 172 822 0
196 756 295 821 funde
317 758 430 820 noster
453 775 509 819 seu
532 753 650 819 Sabine
674 777 731 821 seu
753 756 886 842 Tiburs,

142 842 245 1000 {Nam
267 849 301 909 te
325 864 395 908 esse
417 841 585 908 Tiburtem
609 847 792 928 autumant,
816 847 932 930 quibus
955 868 1021 912 non
1044 852 1094 914 est

171 933 242 998 ordi
265 930 428 998 Catullum
451 929 590 995 laedere:
614 933 788 1017 atquibus
812 934 900 999 cordi
924 939 987 1020 est,

145 1019 267 1097 Quouis
291 1018 449 1086 Sabinum
470 1020 607 1105 pignore
630 1040 701 1085 esse
724 1022 940 1110 contendunt)

107 1107 208 1176 sSed
233 1132 290 1175 seu
315 1107 434 1174 Sabine
458 1109 525 1172 sive
541 1109 654 1186 *verius
677 1109 813 1195 Tiburs,

142 1197 204 1263 Fui
226 1198 367 1263 libenter
388 1196 424 1261 in
446 1201 505 1261 tua
528 1197 714 1263 suburbana
741 1200 746 1216 ²

142 1285 232 1351 Villa
254 1287 438 1371 malamque
460 1288 590 1369 pectore
614 1287 722 1371 expuli
744 1289 875 1371 tussim,

141 1373 219 1440 Non
240 1374 413 1440 inmerenti
436 1395 534 1457 quam
557 1374 638 1438 mihi
661 1397 751 1440 meus
774 1379 895 1461 venter,

142 1461 230 1529 Dum
253 1465 459 1548 sumptuosas
483 1462 615 1547 adpeto‚
638 1463 740 1548 dedit,
764 1484 869 1529 cenas.

90 1568 126 1618 10
142 1551 241 1636 Nam,
264 1550 432 1617 Sestianus
457 1550 532 1614 dum
555 1551 629 1616 volo
653 1572 723 1616 esre
747 1552 895 1635 conviva,

142 1640 331 1707 Orationem
353 1640 389 1704 iu
411 1640 548 1704 Antium
570 1640 741 1724 petitorem

140 1729 277 1795 Plenam
299 1729 416 1793 veneni
441 1732 474 1793 et
496 1729 702 1812 pestilentiae
724 1729 799 1814 legi.

140 1817 205 1883 Hic
228 1839 280 1882 me
303 1817 444 1902 gravedo
467 1816 586 1902 frigida
608 1819 642 1882 et
664 1817 814 1902 frequens
837 1820 938 1884 tussis

142 1905 318 1983 Quassavit
339 1927 441 1990 usque
464 1905 542 1969 dum
564 1905 599 1968 in
621 1908 714 1970 tuum
738 1906 844 1970 sinum
867 1907 938 1992 fugi

90 2008 125 2060 15
140 1994 186 2060 Et
208 2015 259 2059 me
282 1995 427 2059 recuravi
450 1993 580 2076 otioque
604 1996 636 2057 et
658 1993 770 2057 urtica

141 2083 248 2160 Quare
270 2082 408 2147 refectus
431 2081 589 2146 maximas
612 2081 673 2145 tibi
696 2084 805 2166 grates

141 2171 229 2258 Ago,
252 2193 360 2235 meum
383 2170 468 2254 quod
491 2191 558 2234 non
581 2191 615 2234 es
638 2171 709 2234 ulta
730 2173 908 2254 peccatum.

140 2258 210 2325 Neo
233 2260 388 2343 deprecor
409 2260 489 2342 iam,
512 2259 540 2323 si
562 2259 687 2324 nefaria
711 2259 832 2344 scripta

141 2346 227 2414 Sesti
249 2368 394 2431 reocpm,
417 2347 494 2432 quin
517 2346 726 2432 gravedinem
749 2351 782 2412 et
803 2349 919 2412 tussim

87 2453 125 2503 20
138 2435 217 2502 Non
239 2437 296 2516 mi,
321 2435 378 2501 sed
400 2435 465 2520 ipsi
489 2433 596 2500 Sestio
619 2435 704 2499 ferat
725 2435 842 2519 frigus,

140 2525 204 2602 Qui
226 2529 297 2590 tum
318 2528 414 2590 vocat
437 2546 501 2606 me,
525 2545 598 2588 cum
621 2523 743 2587 malum
765 2523 884 2588 librum
907 2524 980 2608 legi.

482 2681 532 2747 10.
563 2679 603 2766 (e.
622 2679 679 2766 49.)

362 2785 407 2840 Ad
423 2785 461 2842 M.
481 2784 606 2840 Tullium
624 2783 794 2840 Ciceronem.

136 2875 360 2943 Disertissime
383 2876 516 2942 Romuli
538 2879 708 2961 nepotum,

137 2965 226 3042 Quot
248 2969 325 3031 sunt
347 2964 613 3050 quotqueiuere,
635 2961 756 3029 Marce'
767 2962 867 3048 Tulli,

137 3053 288 3138 Quotque
309 3057 386 3139 post
408 3053 480 3118 aliis
503 3056 599 3116 erunt
620 3054 656 3117 in
679 3052 787 3135 annis,

136 3140 270 3208 Gratias
292 3142 354 3207 tibi
376 3142 533 3207 maximas
558 3139 703 3206 Catullus

105 3231 221 3316 eAgit
241 3232 400 3315 pessimus
424 3229 569 3296 omnium
590 3233 699 3314 poeta,

137 3317 245 3384 Tanto
267 3319 427 3404 pessimus
451 3319 596 3385 omnium
618 3322 728 3401 poeta,

137 3405 268 3484 Quanto
291 3411 327 3472 tu
351 3408 493 3493 optimus
516 3406 659 3472 omnium
683 3411 850 3491 patronus.

122 3519 225 3571 Eclogae
238 3524 297 3570 poet,
311 3519 350 3563 lat,
366 3521 398 3563 ed.
408 3521 519 3565 Baaunr.
539 3546 544 3553 .
921 3514 944 3562 b
982 3520 985 3523 “

1137 3350 1156 3481 l
