2384 3848
522 210 583 265 VH.
603 210 751 265 OVIDIVS

486 390 515 454 3.
548 387 793 475 (TriatV10.)

469 509 592 564 Exilium
610 511 800 566 Tomitanum.
834 563 836 567 .

198 619 244 684 Vt
266 641 379 684 sumus
403 619 438 683 in
460 618 579 704 Ponto,
602 624 652 684 ter
674 619 796 705 frigore
819 619 968 685 constitit
990 620 1114 705 Hister,

242 708 344 785 Facta
367 710 418 772 est
439 707 559 772 Euxini
583 708 664 774 dura
687 714 737 773 ter
760 708 846 774 unda
869 708 978 774 maris.

197 797 243 862 At
265 796 346 861 mihi
368 797 434 861 iam
457 796 569 861 videor
592 797 700 881 patria
721 797 835 881 procul
858 818 928 863 esse
952 800 1004 862 tot
1026 799 1135 883 annis,

241 885 396 950 Dardana
418 888 498 970 quot
520 883 618 951 Graio
642 885 741 952 Troia
765 886 824 951 sub
848 886 943 950 hoste
966 884 1041 951 fuit.

168 973 293 1041 5Stare
316 977 423 1058 putes,
447 974 526 1040 adeo
550 975 731 1058 procedunt
752 977 902 1058 tempora
924 974 1031 1058 tarde,

241 1062 287 1126 Et
308 1062 436 1148 peragit
457 1063 555 1126 lentis
578 1063 729 1147 passibus
753 1084 858 1127 annua
881 1063 951 1126 iter.

198 1149 267 1215 Nec
290 1149 373 1214 mihi
395 1151 570 1216 solstitium
594 1153 766 1237 quicquam
792 1151 830 1215 de
853 1149 1005 1216 noctibus
1029 1151 1148 1235 aufert,

241 1239 353 1304 Efficit
376 1242 534 1323 angustos
557 1261 618 1305 nec
641 1240 722 1305 mihi
743 1240 860 1305 bruma
883 1239 960 1304 dies.

200 1326 329 1394 Scilicet
350 1327 386 1390 in
407 1327 502 1393 nobis
526 1349 634 1393 rerum
656 1331 774 1394 natura
796 1332 915 1394 novata
937 1331 1003 1409 eat,

152 1433 186 1483 10
245 1414 391 1501 Cumque
414 1417 495 1481 meis
519 1417 603 1482 curis
627 1418 736 1482 omnia
759 1416 970 1502 longefacit

199 1505 253 1570 An
276 1509 439 1589 peragunt
463 1505 576 1570 solitos
600 1506 784 1571 communia
805 1510 953 1588 tempora
976 1507 1101 1588 motus,

244 1592 388 1678 Suntque
411 1593 515 1678 magis
539 1595 625 1658 vitae
648 1599 797 1678 tempora
820 1594 900 1659 dura
923 1596 1037 1659 menei

200 1681 301 1758 Quem
324 1684 413 1745 tenet
435 1681 557 1746 Euxini
580 1683 718 1747 mendax
741 1681 933 1766 cognomine
956 1677 1055 1766 litus,f

243 1769 288 1834 Et
311 1766 455 1852 Scythici
477 1791 552 1834 vere
575 1773 663 1836 terra
687 1770 819 1836 sinistra
841 1768 925 1834 freti.

152 1877 185 1925 15
199 1859 391 1923 Innumerae
415 1857 500 1922 circa
522 1861 635 1942 gentes
658 1860 729 1923 fera
751 1859 838 1923 bella
859 1858 1039 1942 minantur,

245 1946 334 2023 Quae
359 1946 422 2011 sibi
444 1968 511 2011 non
533 1951 629 2031 rapto
651 1947 760 2013 vivere
783 1952 877 2031 turpe
900 1949 1029 2030 putant.

199 2035 256 2100 Nil
279 2038 369 2099 extra
392 2037 499 2100 tutum
523 2039 581 2101 est.
617 2037 761 2101 tumulus
785 2035 968 2101 defenditur
991 2055 1088 2120 aegre

243 2122 414 2189 Moenibus
439 2124 563 2208 exiguis
586 2125 782 2210 ingenioque
804 2125 877 2190 loci.

202 2211 283 2277 Oum
306 2211 439 2275 minime
462 2210 588 2294 credas,
610 2217 648 2277 ut
671 2213 754 2297 avis,
778 2211 989 2278 densissimus
1012 2210 1118 2276 hostis

152 2317 187 2367 20
246 2299 403 2382 Advolat,
427 2301 460 2363 et
482 2300 635 2382 praedam
657 2302 713 2366 vix
736 2303 818 2366 bene
840 2302 929 2366 visus
953 2299 1032 2386 agit

202 2388 303 2473 Saepe
325 2387 413 2452 intra
436 2409 546 2453 muros
571 2390 689 2455 clausis
713 2389 876 2455 venientia
897 2390 1002 2474 portis

244 2477 307 2543 Per
330 2477 452 2542 medias
475 2477 612 2563 legimus
636 2480 733 2544 noxia
756 2480 822 2544 tela
844 2479 923 2545 vias.

200 2567 263 2632 Est
285 2566 386 2652 igitur
408 2588 516 2649 rarus,
538 2589 594 2633 rus
618 2568 672 2651 qui
696 2567 801 2633 colere
825 2567 953 2648 audeat,
977 2565 1071 2650 isque

244 2654 316 2720 Hac
340 2658 411 2718 arat
432 2655 560 2738 infelix,
583 2655 644 2721 hac
668 2659 759 2721 tenet
781 2678 873 2721 arma
895 2671 1003 2719 manu.
1049 2655 1054 2660 ’

152 2762 187 2811 25
203 2743 269 2809 Sub
294 2745 389 2827 galea
410 2745 524 2827 pastor
546 2744 664 2810 iunctis
687 2744 758 2828 pice
781 2747 892 2809 cantat
916 2742 1040 2828 avenis,

245 2831 372 2918 Proque
395 2832 472 2916 lupo
494 2832 631 2916 pavidae
654 2834 740 2898 bella
762 2835 914 2898 verentur
936 2852 1022 2898 ovea.

117 2999 119 3004 Ι
202 2923 267 2986 Vix
291 2943 352 3005 ope
376 2920 501 2985 castelli
523 2920 732 2987 defendimur.
769 2925 802 2986 et
825 2927 937 2986 tamen
958 2920 1049 2986 intus

246 3009 350 3074 Mixto
372 3009 453 3074 facit
474 3007 605 3074 Graecis
628 3011 767 3075 barbara
789 3012 885 3076 turba
908 3012 1040 3075 metum.

203 3098 327 3181 Quippe
351 3097 449 3162 simul
472 3097 567 3163 nobis
590 3099 720 3165 habitat
742 3099 925 3166 discrimine
947 3098 1039 3166 nullo

154 3204 188 3252 eo
247 3183 411 3256 Barbarus
435 3189 468 3251 et
490 3186 568 3251 tecti
590 3188 664 3271 plus
689 3209 815 3274 quoque
836 3191 931 3273 parte
954 3190 1053 3254 tenet.
1156 3251 1159 3258 .

203 3273 290 3350 Quos
313 3277 438 3338 utnon
460 3274 590 3360 timeas,
612 3277 720 3360 possis
744 3277 851 3342 odisse
873 3275 1013 3342 videndo

246 3361 392 3427 Pellibus
415 3364 447 3426 et
467 3363 569 3448 longa
591 3368 723 3448 pectora
745 3368 833 3429 tecta
855 3385 957 3429 coma.

202 3450 273 3517 Hos
296 3473 435 3537 quoque,
459 3451 514 3535 qui
538 3453 639 3537 geniti
663 3451 764 3518 Graia
786 3453 960 3519 creduntur
982 3453 1024 3517 ab
1048 3452 1128 3518 urbe
