2392 3848
120 199 162 266 76
510 204 544 260 V.
564 202 744 259 TIBVLLVS

186 346 268 412 Tum
291 348 421 413 veniam
444 348 566 432 subito,
589 369 648 413 nec
671 349 844 434 quisquam
866 347 997 413 nuntiet
1019 352 1110 433 ante,

138 450 173 500 90
232 433 295 501 Sed
318 435 430 501 videar
452 437 541 503 caelo
565 439 684 502 missus
708 435 820 501 adesse
842 435 913 501 tibi.

187 522 279 590 Tunc
301 524 395 608 mihi,
419 526 523 610 qualis
546 522 625 609 eris,
647 526 764 610 longos
787 524 921 589 turbata
942 525 1096 610 capillos,

231 610 337 679 Obvia
358 612 496 697 nudato,
519 612 629 697 Delia,
652 634 744 679 curre
766 612 858 696 pede.

187 699 260 766 Hoc
283 721 410 786 precor,
432 701 519 767 hunc
542 702 633 780 illum
656 701 753 766 nobis
777 699 906 766 Aurora
928 700 1088 766 nitentem

94 838 95 843 η
231 787 415 855 Luciferum
438 790 540 855 roseis
563 789 701 855 eandida
723 793 833 874 portet
855 790 955 874 equis.

542 985 573 1049 4.
624 983 641 1048 1
677 1000 706 1049 c.

159 1100 192 1154 In
210 1101 285 1156 diem
303 1105 426 1159 natalem
445 1103 594 1160 Messallae
611 981 756 1174 tn'bmpiho
776 1103 901 1159 decorati
919 1106 954 1172 (a.
970 1104 1098 1177 mm).

186 1227 283 1294 Hunc
306 1231 450 1296 cecinere
473 1231 558 1296 diem
581 1213 703 1295 Parcae
725 1229 841 1295 fatalia
862 1234 978 1297 nentes

232 1314 394 1403 Stamina,
416 1340 483 1385 non
505 1320 564 1384 ulli
588 1318 796 1385 dissoluenda
819 1318 892 1403 deo,

186 1404 284 1472 Hunc
307 1407 389 1492 fore,
412 1407 596 1494 Aquitanas
619 1411 732 1492 posset
753 1407 809 1492 qui
831 1406 967 1473 fundere
990 1416 1121 1498 gentes,

232 1494 335 1573 Quem
357 1501 512 1562 tremeret
533 1498 611 1563 forti
633 1497 737 1562 milite
759 1495 865 1560 rictus
889 1495 985 1564 Aeas

155 1583 346 1649 oEvenere:
369 1607 473 1650 novos
495 1585 597 1669 pubes
619 1585 768 1651 Romana
790 1584 972 1669 triumphos

231 1671 324 1737 Vidit
346 1677 378 1736 et
401 1673 545 1739 evinctos
568 1673 719 1740 bracchia
742 1676 838 1756 capta
860 1672 971 1739 duces:

186 1758 233 1824 At
254 1762 289 1823 te
312 1760 461 1825 victrices
484 1761 606 1845 lauros,
630 1760 798 1843 Messalla,
821 1766 988 1846 gerentem

231 1845 390 1914 Portabat
411 1849 514 1914 niveis
538 1871 650 1915 currus
674 1849 815 1914 eburnus
838 1848 938 1934 equis.

185 1934 262 2002 Non
277 1935 347 2002 sine
362 1959 413 2002 me
428 1940 479 2003 est
497 1939 557 2004 tibi
575 1942 689 2024 partus
702 1938 820 2004 honos:
843 1938 996 2005 Tarbella
1010 1941 1137 2026 Pyrene

138 2038 173 2088 10
231 2023 338 2091 Testis
362 2031 396 2091 et
418 2026 538 2093 Oceani
559 2028 658 2093 litora
680 2025 861 2110 Santonici,

187 2111 294 2178 Testis
303 2113 389 2178 Arar
398 2114 640 2201 Rhodanusque
654 2117 738 2181 celer
751 2135 952 2200 magnusque
962 2115 1138 2206 Garumna,

231 2198 367 2266 Oarnuti
390 2205 424 2266 et
444 2203 520 2268 flavi
542 2204 671 2268 caerula
692 2204 829 2289 lympha
850 2201 958 2289 Liger.

186 2288 240 2352 An
262 2291 309 2372 te,
332 2288 456 2375 Oydne,
479 2312 607 2376 canam,
629 2292 740 2357 tacitis
763 2292 819 2378 qui
842 2290 959 2358 leniter
979 2295 1077 2362 undis

232 2373 407 2443 Caeruleus
429 2379 566 2464 placidis
588 2402 646 2465 per
668 2380 751 2446 vada
774 2379 878 2464 serpis
901 2383 1006 2467 equis,

138 2478 171 2527 15
186 2463 333 2540 Quantus
356 2470 390 2530 et
412 2468 555 2534 aetherio
578 2469 771 2555 contingens
793 2468 915 2535 vertice
936 2471 1040 2536 nubes

230 2552 382 2640 Frigidus
403 2556 552 2623 intonsos
575 2557 701 2624 Taurus
723 2558 792 2623 alat
814 2555 957 2624 Cilicas?

186 2639 270 2718 Quid
291 2643 442 2730 referam,
465 2650 502 2711 ut
524 2647 639 2713 volitet
661 2646 789 2711 crebras
812 2647 934 2711 intacta
956 2669 1016 2732 per
1038 2652 1135 2719 urbes

252 2730 340 2796 Alba
361 2733 547 2799 Palaestino
571 2738 684 2800 sancta
707 2735 855 2800 columba
879 2733 977 2820 Syro,

183 2817 292 2903 thue
316 2822 414 2887 maris
437 2826 566 2888 vastum
589 2826 776 2908 prospectet
800 2822 944 2889 turribus
968 2847 1090 2913 aequor

135 2923 170 2973 ao
228 2908 339 2974 Prima
360 2914 464 2976 ratem
487 2912 593 2977 ventis
617 2911 745 2977 credere
768 2911 863 2993 docta
887 2910 1007 2999 Tyros,

185 2995 296 3072 Qualis
320 3002 367 3083 ct,
390 3003 518 3066 arentes
542 3022 615 3066 oum
638 3000 734 3066 findit
757 2999 860 3066 Sirius
885 3021 996 3087 agros,

227 3082 361 3151 Fertilis
385 3089 508 3154 aestiva
529 3088 626 3156 Nilus
650 3089 795 3155 abundet
817 3089 926 3174 aqua?

184 3170 260 3237 Nile
282 3180 388 3259 pater,
411 3200 551 3262 quanam
573 3179 695 3264 possim
718 3181 750 3245 te
774 3178 879 3244 dicere
902 3199 1001 3245 eausa

229 3259 298 3327 Aut
322 3264 438 3347 quibus
461 3267 495 3331 in
518 3269 614 3334 terris
638 3267 816 3333 occuluisse
840 3267 961 3353 caput?

135 3365 169 3415 aa
185 3349 231 3414 Te
253 3355 386 3434 propter
406 3354 514 3419 nullos
536 3357 634 3422 tellus
657 3360 714 3421 tua
736 3359 883 3439 postulat
904 3356 1036 3443 imbres,

227 3439 331 3505 Arida
352 3461 412 3505 nee
434 3439 549 3509 Pluuio
572 3444 734 3530 supplicat
756 3445 858 3511 herba
880 3444 960 3512 Iovi.
