2384 3848
74 153 115 218 18
444 152 493 207 111.
510 152 714 208 uvcauuvs

73 314 124 365 355
142 297 305 383 Corporis.
321 297 464 364 officium
488 300 538 362 est
562 297 713 382 quoniam
736 318 881 382 premere
904 296 1014 362 omnia
1038 297 1091 363 de·

821 407 944 471 orsum,

140 474 263 542 Contra
286 478 395 540 autem
416 478 535 539 natura
557 477 668 539 manet
690 474 760 539 sine
782 474 923 558 pondere
946 474 1062 540 inanis.

137 564 228 651 Ergo
253 563 339 648 quod
362 583 517 647 magnum
540 565 591 627 est
614 584 714 648 aeque
737 563 903 647 leviusque
926 563 1064 649 videtur,

136 651 314 736 Nimirum,
336 651 409 735 plus
433 673 505 716 esse
529 651 591 717 sibi
615 651 758 716 declarat
780 651 899 716 inanis:

141 740 187 805 At
210 742 323 823 contra
346 740 477 825 gravius
501 741 574 825 plus
597 740 634 804 in
656 761 690 805 sc
714 740 858 824 corporis
883 761 953 805 esse

70 844 123 895 335
136 828 274 895 Dedicat
297 832 330 894 et
351 829 455 894 multo
478 829 572 895 vacui
595 828 812 900 minusintus
835 827 964 893 habere.

136 917 198 984 Est
221 918 333 1003 igitur,
356 917 523 1003 nimirum,
545 917 579 982 id
603 917 689 1001 quod
711 918 839 983 ratione
862 916 973 1002 sagaci

138 1005 341 1091 Quaerimus,
365 1006 542 1071 admixtum
566 1006 676 1091 rebus,
699 1005 784 1089 quod
806 1005 903 1070 inane
924 1026 1088 1072 vocamus.

204 1095 291 1160 Illud
314 1094 348 1158 in
370 1094 422 1158 his
445 1095 541 1160 rebus
564 1115 607 1160 55
629 1097 661 1158 15
686 1093 840 1159 deducere
863 1115 939 1159 vero

135 1182 258 1267 Possit,
281 1182 367 1267 quod
390 1182 522 1267 quidam
543 1183 686 1268 fingunt,
708 1203 913 1266 praecurrere
936 1203 1048 1269 cogor.

68 1287 121 1338 335
137 1268 257 1337 Cedere
281 1271 495 1356 squamigeris
518 1272 631 1336 latices
654 1270 833 1337 nitentibus
857 1271 948 1336 aiunt

134 1359 179 1424 Et
202 1359 342 1444 liquidas
365 1360 490 1444 aperire
519 1360 602 1445 vias,
624 1361 701 1445 quia
722 1364 800 1444 post
823 1360 896 1425 loca
917 1359 1025 1443 pisces

135 1448 312 1534 Linquant,
336 1468 400 1533 quo
423 1449 552 1533 possint
574 1448 723 1514 cedentes
746 1447 905 1514 confluere
928 1448 1049 1514 undae:

135 1535 188 1602 Sic
212 1538 293 1602 alias
315 1559 443 1623 quoque
466 1559 527 1602 res
550 1538 654 1602 inter
678 1558 716 1602 se
738 1557 851 1620 posse
874 1536 1023 1602 moveri

133 1625 180 1690 Et
200 1626 470 1712 mutarcylooum,
494 1625 667 1709 quamvis
691 1625 772 1690 sint
795 1625 922 1689 omnia
943 1625 1075 1712 51555,

67 1729 120 1779 375
135 1711 278 1797 Scilicet,
300 1713 338 1778 id
360 1713 463 1778 falsa
483 1716 609 1778 totum
630 1714 783 1791 ratione
801 1717 999 1796 receptum
1019 1717 1087 1780 cst

134 1800 221 1866 Nam
244 1822 308 1886 quo
332 1801 529 1886 squamigeri
551 1804 705 1886 poterunt
726 1802 898 1886 procedere
921 1802 1069 1889 tandem,

133 1889 178 1955 Ni
202 1889 343 1974 spatium
366 1890 514 1955 dederint
536 1889 676 1956 latices?
700 1891 873 1956 concedere
896 1912 994 1975 porro

134 1977 204 2055 Quo
228 1982 383 2063 poterunt
404 1978 524 2063 undae,
548 2001 621 2045 cum
644 1979 749 2065 pisces
772 1978 819 2043 ire
842 1978 1049 2064 nequibunt?

134 2066 201 2132 Aut
223 2067 325 2151 igitur
347 2071 439 2133 motu
461 2068 654 2151 privandum
677 2071 728 2133 est
750 2089 886 2152 corpora
906 2089 1067 2155 quaeque,

65 2170 117 2220 375
132 2155 201 2219 Aut
224 2176 294 2219 esse
310 2155 498 2220 'admixtum
521 2155 694 2221 dicundum
718 2159 768 2221 est
790 2157 886 2222 rebus
910 2157 1024 2244 inane,

131 2242 227 2309 Vnde
250 2244 367 2308 initum
390 2243 531 2329 primum
554 2244 662 2329 capiat
685 2266 736 2310 res
756 2267 902 2330 quaeque
924 2245 1087 2313 movendi

132 2331 303 2397 Postremo
329 2333 393 2397 duo
417 2331 456 2397 de
479 2353 637 2398 concursu
660 2354 797 2418 corpora
819 2335 888 2398 lata

134 2417 168 2484 Si
192 2421 258 2486 cita
281 2419 458 2506 dissiliant,
481 2443 597 2506 nempe
620 2427 676 2486 atr
699 2442 793 2487 omne
816 2443 947 2488 neccsse
968 2426 1034 2508 est,

132 2507 224 2574 Inter
245 2530 383 2593 corpora
406 2510 492 2594 quod
514 2511 586 2596 fiat,
608 2510 756 2595 possidat
777 2510 885 2575 inane:

64 2596 165 2663 38515
188 2620 286 2683 porro
310 2599 458 2683 quamvis
482 2599 602 2664 circum
625 2598 841 2664 celerantibus
865 2600 952 2664 auris

131 2683 294 2770 Confluat,
325 2686 411 2751 haud
434 2688 556 2771 poterit
578 2689 689 2753 155555
716 2708 781 2753 uno
804 2691 950 2772 tempore
973 2691 1086 2756 totum

131 2772 293 2858 Complcri
316 2775 473 2858 spatium:
504 2797 582 2841 nam
604 2777 745 2860 primum
769 2797 926 2860 quemque
950 2798 1087 2845 necesse

810 2869 861 2930 cst

129 2948 273 3035 Occupet
296 2952 350 3017 ille
372 2953 494 3037 locum,
517 2952 631 3017 deinde
654 2954 763 3018 omnia
785 2952 1026 3038 possideantur.

132 3037 226 3115 Quod
250 3040 278 3104 si
300 3040 384 3106 forte
408 3040 541 3126 aliquis,
564 3063 637 3106 cum
660 3063 795 3126 corpora
818 3041 998 3122 dissiluere,

61 3141 114 3192 335
130 3125 213 3192 Tum
235 3131 332 3210 putat
354 3129 387 3193 id
409 3130 479 3194 fieri
503 3129 579 3216 quia
604 3151 638 3196 se
661 3130 859 3196 condenseat
882 3135 947 3215 atr,

128 3214 241 3281 Errat:
264 3237 342 3280 nam
364 3238 501 3282 vacuum
522 3222 594 3284 tum
616 3219 655 3284 fit
679 3219 763 3303 quod
786 3241 854 3285 non
876 3218 939 3284 fuit
963 3223 1053 3309 ante,

127 3302 174 3370 Et
195 3303 340 3387 repletur
363 3305 442 3371 item
464 3327 602 3373 vacuum
626 3307 710 3392 quod
733 3308 880 3374 constitit
903 3311 991 3388 ante,

125 3392 159 3459 N
161 3414 196 3458 ec
219 3392 279 3459 tali
302 3393 430 3460 ratione
454 3399 563 3478 potest
585 3396 747 3462 denserier
771 3401 833 3483 atr,
918 3414 922 3419 ·
